3078 4862
387 283 444 350 DE
468 281 801 350 onulsrnsmus
824 283 859 350 Ρ.
884 285 924 350 lt.
947 283 1025 350 LlB.
1050 284 1105 352 ill.
1223 283 1295 356 199

200 455 266 538 τίγν,
283 453 438 544 Θριγκικὴν
463 457 607 540 διοίκησιν
629 453 828 544 άναφίρεται,
853 455 888 522 τὸ
909 457 943 522 δὲ
961 461 1021 522 τῶν
1033 453 1127 544 ίργιον
1143 454 1291 536 είςάλλας

199 557 293 640 τυχδν
317 561 462 646 ε’παρχίας
473 561 608 644 συμβαίη
625 560 682 636 τὰς
696 556 873 636 άνανειύσεις
886 563 1023 644 γίνεσθαι
1035 567 1096 627 τῶν
1109 559 1219 648 ἴργιον·
1243 559 1292 626 ὅτι

202 664 236 726 δὲ
250 662 285 726 ού
299 661 422 750 σφόδρα
436 672 582 746 συνεχεῖς,
601 659 660 726 sind
673 667 733 726 τῶν
745 662 777 726 ἐν
789 671 856 738 ταῖς
870 661 1049 746 διοικήσεων
1061 665 1186 742 ἐκείναις
1195 669 1291 752 κούρα

200 761 423 853 ίπιστολάρουμ
437 764 475 830 ui
488 762 707 853 προστάγματα
720 771 775 848 τῆς
786 765 994 850 ίπιδιδομίνης
1006 767 1066 831 aiud
1078 773 1133 833 rori
1145 769 1291 852 δημοσίου

173 867 339 952 ὁδαπάνης
352 871 474 955 γίνεται.
523 866 557 932 ri
574 869 633 956 γάρ
649 874 709 934 τῶν
724 865 824 933 ὅπλων
838 869 971 954 σκρινίον
983 866 1151 957 ὡρισμίνας
1163 871 1218 953 μίν
1233 870 1293 954 ἔχει

200 971 256 1049 τὰς
274 971 334 1036 ἀπὸ
350 979 411 1038 τῶν
426 973 577 1056 ἔπαρχιιῖιν
591 972 775 1049 συντελείας,
799 975 891 1058 νεῦρα
905 971 981 1063 λίγω
997 975 1048 1038 καί
1064 972 1174 1059 κίρατα
1188 975 1237 1037 καί
1253 960 1292 1038 τά

199 1070 311 1152 λοιπά,
336 1074 413 1164 πρὸς
430 1076 462 1140 δι’
475 1073 531 1152 τὰς
543 1072 774 1152 ἀνακυπτούσας
782 1075 888 1164 χρείας
901 1075 932 1140 ἔν
944 1083 1008 1153 τοῖς
1022 1075 1163 1158 πολίμοις
1176 1071 1291 1166 ύπουρ-
1331 1147 1339 1154 ,

199 1187 250 1262 γεῖ
259 1187 324 1252 τοῖς
338 1175 577 1264 προστάγμασιν.

304 1279 339 1350 6.
389 1283 515 1362 Πολλῆς
537 1281 571 1346 δέ
593 1278 686 1364 ούσγς
701 1277 777 1368 ύπίρ
799 1278 935 1368 άριδμδν
948 1286 1003 1366 τῆς
1014 1286 1076 1347 τῶν
1088 1273 1293 1366 ταχυγράφων

154 1398 192 1452 10
200 1379 357 1465 πληθύος,
383 1386 434 1448 καὶ
457 1383 493 1448 ού
513 1383 625 1470 μικράς
645 1379 771 1468 ίχούσης
783 1381 928 1471 ἀφορμάς
942 1383 990 1447 iai
1003 1385 1128 1470 κίρδους
1144 1384 1295 1468 ἐργασίας,

200 1485 230 1549 oi
253 1481 367 1550 τούτων
389 1489 440 1550 καί
461 1483 651 1576 λογικάτεροι
672 1489 722 1552 καί
742 1485 820 1572 πρὸς
837 1485 893 1568 τὴν
909 1483 1073 1572 ὑπηρεσίαν
1090 1485 1249 1573 δρκοῦντες
1261 1487 1294 1550 ἕν

200 1591 409 1654 πεντεκαίδεκα
423 1599 626 1676 συναγωγαῖς,
645 1587 682 1667 ίίς
694 1594 821 1654 καλοῦσι
835 1585 964 1672 σχολάς,
984 1577 1213 1674 συλλεγόμενοι,
1231 1589 1294 1670 [oi]

199 1689 257 1770 τὴν
286 1681 380 1756 οὖσαν
412 1693 515 1768 αὐτοῖς
538 1703 645 1778 πεῖραν
672 1701 736 1767 τοῖς
757 1689 931 1778 πράγμασιν
952 1689 1167 1774 ἐπιδειξάμενοι
1188 1691 1235 1756 iai
1259 1691 1295 1755 τὸ

200 1791 304 1876 τάγμα
316 1801 376 1860 τῶν
388 1795 644 1879 Αδγουσταλίων,
667 1791 724 1880 είγε
737 1791 799 1880 άρα
812 1793 955 1873 θέλουσι,
981 1796 1108 1884 παρίασι
1128 1796 1179 1858 καί
1198 1796 1241 1870 είς
1258 1792 1293 1858 τὸ

157 1909 192 1964 16
201 1903 256 1960 τοῦ
273 1899 519 1984 κορνικουλαρίου
533 1895 685 1984 πλήρωμα
703 1901 890 1977 καταντῶσι,
914 1895 992 1980 μετὰ
1014 1897 1117 1980 μέντοι
1138 1897 1192 1980 τὴν
1207 1902 1293 1980 λεγο·

199 2003 292 2082 μίκην
312 2006 509 2086 βοηθούραν·
535 2000 565 2064 oi
582 2000 722 2082 μίνοντες
746 1999 794 2063 int
816 2006 871 2083 τῆς
890 2000 997 2066 δίλτου
1016 2003 1058 2076 εἰς
1070 1999 1105 2065 τὸ
1121 2005 1176 2064 τοῦ
1189 2025 1294 2086 πριμι-

201 2105 333 2190 σκρινίου
349 2103 551 2192 ἀναφίρονται
563 2099 725 2192 πλήρωμα.
774 2103 825 2166 καλ
843 2103 911 2187 περὶ
927 2103 983 2186 μίν
996 2099 1105 2171 τούτου
1120 2100 1294 2190 άκριβίοτε-

200 2231 255 2292 ρον
277 2231 312 2271 ον
332 2232 368 2272 το
395 2229 460 2280 πιος
483 2206 598 2294 εἴρηται
605 2253 616 2286 ,
667 2204 737 2290 (7)
761 2203 840 2288 μετὰ
862 2205 896 2270 δί
917 2203 989 2282 τούς
1009 2207 1057 2271 ini
1077 2216 1144 2283 ταῖς
1163 2211 1295 2290 λογικαίς

201 2309 398 2394 τεταγμίνους
419 2311 616 2396 λειτουργίαις
637 2309 711 2374 riuis
726 2305 755 2372 oi
768 2303 921 2394 λεγόμενοι
941 2304 1163 2395 σιγγουλάριοι,
1189 2306 1296 2394 ἄνδρες

156 2411 345 2496 ΞΟίντρεχεΐς
352 2459 363 2491 ,
385 2413 433 2476 ἐπὶ
456 2411 512 2490 τὰς
527 2413 673 2498 ἐπαρχίας
689 2413 844 2494 δημοσίων
859 2410 943 2476 ἕνεκα
951 2416 1062 2496 χρειῶν
1074 2407 1296 2492 ἀποστελλόμε-

201 2534 263 2577 νοι·
287 2503 330 2578 δν
350 2513 497 2578 dolandas
516 2514 572 2591 τὰς
596 2509 835 2599 ἀναγκαιοτάτας
853 2515 905 2578 καὶ
923 2514 966 2588 είς
984 2511 1079 2592 αὗτὴν
1096 2509 1297 2587 συντελούσας
1393 2497 1397 2512 ’

201 2615 255 2696 τὴν
278 2615 350 2698 ὅλην
372 2615 526 2680 πολιτείαν
545 2617 650 2701 χρείας
667 2615 908 2704 ίγχειριζομίνων
926 2615 1089 2701 παρεισέδυ
1097 2661 1109 2694 ,
1129 2620 1185 2696 τῆς
1200 2613 1296 2700 ἔπαρ-

198 2714 327 2802 χάτητος
352 2715 412 2800 ἤδη
440 2716 679 2806 μαραινομίνρς,
715 2715 737 2800 ἦ
770 2723 832 2784 τῶν
869 2717 1035 2804 λεγομίνιυν
1072 2721 1296 2804 μαγιστριανιιλν

269 2853 357 2914 Mna
390 2858 435 2922 ίας
449 2854 480 2912 ἐν
497 2855 542 2922 αίς
558 2857 680 2932 συμβαίη
694 2859 730 2914 F.
845 2857 907 2914 Βίν
919 2860 998 2930 vulgo
1011 2875 1064 2916 om.
1179 2851 1297 2927 Θούσης

192 2931 195 2936 ’
269 2927 318 3048 pori
334 2923 379 3051 rislp¹
389 2927 426 2995 p?
443 2929 480 2984 ci.
498 2947 523 2984 c.
538 2927 580 2983 14.
712 2927 744 2984 11
762 2926 807 2998 oi]
823 2927 859 2998 τῇ
873 2927 963 2998 vulgo.
1095 2929 1128 2984 18
1144 2927 1203 2998 lego
1218 2924 1296 2984 ίντά-

291 3015 337 3068 ap.
381 3033 390 3052 .

203 3116 275 3170 urbis
292 3115 415 3172 οστίιιίοιο
438 3117 471 3170 sd
488 3115 629 3170 'liranum
647 3115 900 3170 admittistrstionem-
912 3117 1040 3184 refertur,
1064 3133 1172 3237 operum
1187 3131 1251 3168 vero
1264 3115 1298 3168 ad

203 3186 269 3240 alias
290 3187 362 3238 torte
386 3185 551 3256 provincias,
583 3187 610 3238 ia
631 3186 707 3256 queis
727 3201 834 3258 operum
854 3185 1058 3238 restaurationes
1097 3185 1136 3238 eri
1154 3183 1298 3252 contingit3

202 3253 405 3324 quaequoniam
419 3272 470 3306 non
484 3255 618 3308 admodum
634 3257 758 3324 crebrae,
774 3255 808 3307 ab
822 3253 923 3308 illarum
939 3253 1097 3308 dioecesium
1113 3253 1183 3308 curis
1198 3253 1296 3335 episto-

202 3323 284 3377 larum
307 3323 440 3377 addendos
462 3339 478 3373 e
501 3324 604 3394 publico
630 3333 747 3394 sumptus
766 3321 919 3395 imperatur.
954 3341 1012 3376 nam
1029 3339 1157 3378 annorum
1175 3321 1298 3375 scrinium

203 3401 277 3445 certa
293 3392 374 3446 habet
389 3411 406 3446 a
423 3391 566 3462 provinciis
583 3390 697 3460 tributa,
721 3409 817 3446 nervos
832 3393 952 3462 inquam,
975 3409 1051 3446 mous
1067 3391 1226 3461 etreliqua,
1250 3407 1297 3444 ue-

204 3461 371 3516 caecitatibus
389 3473 474 3514 autem
489 3461 517 3515 in
533 3461 602 3516 bello
620 3461 706 3514 obtiis
721 3461 873 3532 imperando
889 3462 1022 3516 subvenit.

272 3530 299 3581 6.
335 3531 473 3582 Innumera
489 3537 574 3584 autem
592 3547 649 3584 ctuu
665 3528 701 3583 sit
714 3531 874 3584 notariorum
891 3530 1042 3597 multitudo,
1060 3545 1218 3598 magrrasqua
1232 3527 1296 3582 lucri

204 3598 315 3670 parandi
333 3597 541 3670 opportunitates
561 3599 688 3666 habeant,
706 3599 864 3654 literatiorea
880 3617 969 3654 eorum
982 3607 1010 3653 et
1022 3598 1165 3652 ministerio
1180 3614 1257 3666 parea
1270 3596 1297 3648 in

205 3667 352 3738 ‹prindecim
376 3666 528 3736 ordinibus,
554 3685 619 3738 quas
640 3667 745 3724 scholas
767 3677 879 3736 vocant,
902 3689 933 3722 co
953 3669 960 3682 “
980 3675 1073 3732 untur;
1096 3685 1112 3721 e
1136 3665 1230 3737 quibus
1252 3663 1297 3733 qui

204 3754 277 3790 suum
292 3737 435 3790 tractandis
450 3737 528 3790 rebus
542 3753 613 3790 usum
626 3739 792 3820 probavere,
808 3740 836 3792 in
846 3739 969 3808 *Augusta
980 3737 1031 3790 ium
1049 3737 1181 3802 ordinem,
1198 3735 1222 3787 si
1237 3731 1296 3804 qui-

203 3805 262 3858 dem
280 3805 386 3872 volunt,
405 3823 491 3887 neque
506 3811 591 3859 tamem
608 3806 660 3858 msi
676 3815 737 3876 post
752 3809 922 3875 boethnram,
940 3817 969 3860 ut
986 3813 1095 3872 vocant,
1113 3802 1230 3874 recepti,
1248 3799 1296 3882 rui-

204 3873 287 3928 iitism
306 3874 488 3943 cornicularii,
512 3873 558 3945 qui
580 3883 666 3928 autem
680 3877 709 3930 in
725 3876 843 3932 codicillo
864 3883 986 3940 manent,
1003 3876 1112 3928 candem
1129 3869 1297 3942 primiscrinii

131 3965 134 3976 ·
205 3959 312 3995 nrunere
333 3943 449 4014 implent.
486 3963 517 3998 ac
539 3943 572 3996 de
595 3943 636 3996 his
659 3945 763 4016 quidem
784 3965 830 4000 suo
853 3944 909 3999 loco
933 3943 1080 3998 accuratius
1101 3941 1296 4010 explicavimus.

203 4012 262 4078 (7)
286 4009 398 4066 literatis
415 4031 479 4068 varo
495 4007 647 4067 ministeriis
668 4017 833 4088 praepositos
849 4023 992 4084 sequuntur
1011 4029 1077 4080 quos
1094 4009 1238 4078 singulares
1255 4005 1296 4060 di-

194 4085 282 4160 cunt,
305 4079 357 4134 riri
381 4082 505 4150 solertes,
529 4083 691 4152 publicorum
713 4085 876 4166 negotiorum
900 4081 987 4151 gnatia
1004 4081 1031 4133 in
1049 4079 1199 4150 provincias
1217 4075 1297 4148 proii-

204 4155 348 4214 crscentea3
364 4151 410 4220 qni
427 4169 483 4204 cum
500 4153 610 4206 maxime
628 4170 777 4208 necessaria
793 4160 820 4206 at
837 4154 869 4206 ad
886 4153 970 4220 ipsam
986 4167 1108 4204 summam
1124 4146 1300 4218 reipublicae

195 4215 365 4288 *pertinentia
378 4221 483 4286 negotia
496 4221 557 4275 inde
570 4225 603 4276 ab
619 4221 695 4278 initio
709 4231 854 4290 amassent,
871 4221 1055 4290 languescente
1067 4219 1117 4270 iam
1131 4217 1300 4296 praefectura

208 4284 349 4354 praetorii,
367 4287 606 4360 magistrianorum,
624 4306 691 4362 quoe
707 4301 819 4362 vocant,
837 4290 922 4348 inertis
939 4287 1080 4345 ostentatio
1093 4286 1209 4360 irrepsit.
1243 4299 1298 4338 sur-
