2934 4868
217 337 263 390 ns
554 317 667 388 nasu
691 319 749 386 DE
774 317 984 388 osmtttls

216 519 320 602 pust
339 521 394 584 ts:
412 515 462 584 leri
472 515 531 604 seir
541 519 686 604 βασιλέως
697 517 764 604 ἥξει
777 513 888 604 κόραν,
901 518 1089 602 apertissime
1100 515 1234 582 indicere
1241 519 1330 582 Gee-

217 658 320 700 surum
329 638 430 698 firmes
442 641 505 700 ism
514 661 548 701 uo
555 641 677 702 stabiles
686 660 775 722 opes3
790 635 870 728 αὐγῇ
881 644 921 728 τῇ
934 642 1067 724 βασιλίδι
1078 639 1130 704 sul
1144 646 1207 716 τοῖς
1222 633 1328 724 αὐτῆς

128 771 203 814 ΝΠ
218 759 343 836 sirecte,
354 779 385 841 p-
394 759 455 826 546
473 758 523 836 16,
535 761 632 821 vereri
646 781 678 822 se
693 771 728 820 nt
741 761 828 822 elites·
838 762 931 842 accipi
942 763 1038 844 possit
1046 781 1139 846 qnsm
1146 758 1184 820 de
1192 763 1327 841 coniuge

217 883 405 962 imperatoris
419 880 542 962 eiusque
554 881 668 942 liberis.
691 898 769 962 qnae
784 881 924 964 legentur
936 903 967 963 p.
976 884 1087 949 287in.
1102 878 1140 940 de
1149 879 1328 940 belloAiri-

218 1019 311 1076 oann,
342 1009 460 1058 tantum
479 997 517 1057 de
537 997 680 1060 Vandalis
705 1011 852 1085 quantum
874 999 912 1060 de
931 999 1041 1062 Poenis
1062 1019 1150 1082 posse
1171 999 1325 1077 intelligi3

217 1139 296 1204 ques
306 1141 337 1201 p.
347 1117 411 1185 stt
427 1117 447 1182 4
468 1117 518 1201 (oi
532 1119 625 1200 δῆμοι
640 1141 668 1182 ss.
681 1141 706 1182 r.
720 1116 774 1202 L),
796 1117 834 1180 ds
849 1121 963 1182 Veneta
974 1121 1159 1202 Prasinsque
1172 1119 1325 1178 factiones

217 1243 290 1324 quin
305 1243 367 1299 imo
386 1257 462 1321 quse
475 1243 577 1320 puto
592 1243 612 1304 8
628 1237 667 1299 sd
682 1239 840 1301 Decembr.
850 1245 881 1319 3,
903 1236 941 1299 de
956 1240 1053 1300 cernis
1066 1259 1120 1299 esu
1133 1238 1251 1319 legibus
1265 1257 1325 1297 ec-

217 1361 327 1421 clesiae
341 1357 519 1436 interdict03
542 1378 619 1442 quae
633 1380 664 1440 p.
677 1360 759 1436 332,
782 1357 820 1420 de
837 1357 961 1420 dissidio
977 1359 1131 1440 religionis
1145 1374 1233 1419 causa
1250 1354 1325 1416 exi-

218 1491 327 1542 stente.
370 1499 426 1560 ego
445 1477 484 1538 ad
498 1476 574 1538 bueo
586 1480 704 1559 singule
715 1478 794 1540 nibil
806 1477 1035 1552 habeodicere:
1056 1489 1174 1540 tantum
1189 1477 1274 1537 abest
1284 1484 1323 1534 nt

217 1599 298 1682 Lydi
313 1600 533 1661 lucubrationes
545 1609 664 1680 praeter
677 1599 804 1661 modum
816 1601 962 1662 extollere
972 1597 1135 1676 laedendo,
1155 1598 1321 1680 lerareque

218 1721 402 1800 suspiciones
420 1731 510 1804 etque
529 1721 566 1780 ab
583 1721 638 1780 illo
653 1740 807 1782 removere
821 1723 924 1782 velim.
968 1719 1091 1780 editoris
1105 1718 1259 1798 proprium
1272 1724 1322 1775 est

218 1840 352 1900 officium
370 1839 502 1900 iudicare
515 1843 580 1902 sine
595 1839 774 1920 cupiditate,
795 1853 846 1903 aut
860 1845 887 1903 si
899 1842 964 1922 ipse
979 1838 1125 1901 iudicium
1138 1837 1257 1896 nullum
1267 1836 1322 1894 in·

218 1969 364 2040 terponat,
388 1960 431 2020 sic
447 1971 525 2019 certe
539 1971 690 2020 auctorem
704 1958 821 2020 trudere
832 1961 865 2020 in
878 1979 995 2036 suenus,
1016 1969 1051 2019 nt
1061 1959 1094 2017 in
1109 1977 1145 2017 eo
1156 1953 1320 2017 indicendo

222 2079 340 2138 elucere
351 2081 446 2159 possit
459 2081 592 2160 religiosi
604 2099 639 2140 ac
652 2080 793 2160 sapientis
804 2080 924 2141 lectoris
935 2076 1103 2160 prudentis.
1146 2085 1264 2154 tumen,
1283 2086 1321 2136 nt

218 2193 259 2256 ud
272 2201 424 2277 superiora
438 2199 493 2258 illa
509 2211 599 2282 queat
613 2201 707 2260 lector
721 2199 836 2283 aliquid
850 2197 1040 2281 respondere,
1061 2199 1219 2260 sublicium
1231 2194 1318 2274 baec,

217 2317 345 2376 fortasse
367 2315 489 2400 Lydum
513 2338 531 2377 e
553 2319 638 2379 libris
659 2316 858 2401 haruspicinis
879 2319 1096 2402 ritualibusque
1115 2319 1257 2397 selegisse
1281 2335 1318 2374 ea

86 2433 91 2444 '
218 2439 411 2516 potissimum
432 2457 509 2520 quse
530 2436 570 2496 ad
590 2458 643 2498 suu
664 2459 785 2522 quoque
804 2449 940 2520 tempora
959 2441 1156 2520 regionesque
1172 2437 1230 2498 sibi
1245 2455 1318 2516 pro-

217 2556 348 2636 pinquos
370 2557 590 2618 accommodari
611 2557 834 2642 quodammodo
850 2580 938 2641 posse
958 2561 1163 2634 existimaret3
1183 2563 1318 2638 prester-

217 2677 335 2736 misisse
349 2687 452 2737 sutem
468 2679 602 2739 consulto
622 2688 724 2738 vetera
738 2679 792 2738 ills
809 2677 973 2740 admodum
990 2682 1131 2763 subque,
1154 2677 1316 2758 spectantis

216 2797 268 2854 vel
283 2793 322 2854 ad
336 2807 440 2875 gentes
455 2800 579 2875 ltaliae,
599 2801 722 2881 Aequos
735 2801 858 2861 Iastinos
871 2803 1023 2862 Samnites
1036 2803 1174 2860 Picentes
1188 2801 1315 2874 Tuscos,

7 2989 8 2996 ἵ
102 2939 131 2994 p.
149 2937 200 2976 xrs
216 2914 320 2976 velud
338 2914 627 2977 administrationem
639 2919 834 2999 reipublicae
856 2919 894 2981 de
916 2923 1046 2980 comitiis
1071 2921 1223 3000 suspicuto
1248 2915 1315 2976 edi-

7 3093 8 3132 ,
215 3033 319 3096 cendis
338 3034 484 3098 obeundis
507 3035 708 3116 dimittendis,
729 3039 779 3099 vel
800 3038 839 3099 ed
860 3041 926 3100 ioca
942 3049 1085 3122 auguratu
1097 3041 1177 3100 leutii
1191 3026 1329 3119 agrique'

7 3135 8 3189 l
215 3157 355 3233 Romani,
374 3157 529 3216 Albanum
542 3168 687 3235 montem,
708 3159 812 3220 lucum
828 3161 969 3237 Maricae,
990 3160 1203 3238 annilustmm,
1224 3156 1314 3218 sedes

215 3276 355 3334 urbanus.
399 3293 476 3356 quse
489 3285 524 3336 ut
537 3277 625 3338 nobis
636 3278 764 3339 fuissent
778 3283 998 3361 acceptissima,
1020 3282 1063 3341 its
1077 3281 1198 3340 Graecis
1212 3276 1314 3339 bomi-

8 3375 10 3458 l
214 3397 303 3456 uibus
318 3397 431 3456 saeculi
446 3413 492 3470 vr,
514 3415 614 3455 remm
625 3399 797 3459 Italicorum
810 3399 1026 3462 incredibiliter
1039 3397 1173 3478 rudibus,
1194 3397 1315 3460 fastidis

8 3475 9 3510 l
213 3535 250 3576 ao
268 3527 402 3576 monstro
420 3512 569 3574 debebant
585 3516 691 3579 videri.
1165 3599 1169 3606 .

156 3630 197 3693 10
302 3633 456 3696 interdum
475 3655 595 3718 quoque
617 3637 761 3720 (opinor)
781 3658 829 3699 res
845 3641 959 3721 priscos
974 3639 1129 3701 vocabulis
1143 3636 1229 3698 noris
1243 3655 1314 3697 sno-

213 3775 272 3838 que
284 3765 419 3837 tempore
431 3759 547 3817 usitatis
561 3757 739 3819 obscuravit.
767 3761 853 3820 velut
866 3763 967 3840 nuos
984 3761 1024 3825 10
1043 3761 1076 3818 in
1088 3755 1201 3837 Nigidii
1214 3755 1312 3834 Figuli

8 3511 10 3568 l

9 3575 11 3656 l

9 3851 12 3968 l
212 3879 316 3937 lilerio
333 3877 487 3938 tonitruali
499 3899 546 3938 res
559 3879 695 3939 urbanus
709 3881 834 3940 vertisse
849 3877 968 3938 videtur
981 3881 1041 3954 sic,
1062 3873 1100 3940 soi
1123 3879 1178 3956 τῆς
1199 3872 1313 3956 βασιλί-

10 3975 14 4022 i

212 3997 266 4072 doe
281 3991 411 4071 πόλεως,
435 3999 555 4056 tametsi
570 3995 617 4058 bis
630 3999 790 4080 postremis
803 3999 903 4059 verbis
917 4000 1024 4058 Graeci
1039 3998 1159 4058 snectalo
1172 3995 1314 4057 lustinie-

209 4137 268 4178 neo
283 4138 345 4179 non
360 4121 490 4178 Romam
507 4121 612 4180 urbem
632 4117 687 4182 sed
706 4120 824 4200 cpolim
840 4121 957 4180 soleant
972 4116 1142 4197 designsre.
1185 4111 1312 4194 denique

208 4241 334 4302 minime
347 4241 459 4301 rnirum
474 4241 599 4303 sortasse
614 4239 704 4302 debet
717 4239 814 4302 rideri
826 4240 876 4302 vel
891 4236 929 4300 de
943 4239 1106 4300 Casssrum
1116 4235 1180 4298 isto
1191 4235 1313 4297 obscure
