2934 4868
225 222 287 272 nrt
493 197 989 282 ΔΗΔΒῙῙΙΉΞΟΒἸἘΝΤΙΒ

225 423 311 466 usus.
353 421 415 488 qur
438 401 565 488 quidem
583 403 617 468 in
641 423 675 466 re
697 403 843 486 singulari
860 403 907 464 lui
922 401 1006 464 fetos
1026 397 1059 462 in
1073 397 1209 483 portubus
1223 400 1373 466 leceris

226 523 313 600 libri,
335 521 389 584 ubi
407 525 542 582 maxime
556 543 633 606 opus
646 523 767 602 fuisset,
787 523 873 584 nullo
887 523 948 584 alio
962 515 1064 582 codice
1077 517 1287 601 sublevabar3
1312 521 1373 584 ud

227 640 425 703 recensendos
447 645 574 724 paginas
592 643 684 723 pardo
706 644 817 704 melius
839 651 1026 704 conservatas
1047 638 1231 702 admocum
1252 651 1369 704 erunt

199 781 204 788 ’
228 762 384 842 complura
405 760 574 822 adventicio
599 759 783 822 adiumenta.
826 763 938 843 qnippe
960 781 1030 822 oum
1048 762 1083 823 in
1101 760 1282 838 fragmento
1301 759 1365 817 De

228 881 401 957 mensibus,
421 891 488 942 tum
513 885 546 943 in
573 881 655 940 foliis
679 881 828 962 prioribus
850 880 922 942 libri
943 881 990 940 lls
1015 882 1156 956 ostentis,
1178 898 1286 962 usque
1309 876 1364 940 ad

138 1023 168 1078 p·
184 1021 216 1064 ss
233 1022 259 1062 c.
273 1005 331 1078 21,
349 1003 482 1082 pessime
501 999 612 1062 bebitis
630 1001 692 1060 illis
708 997 848 1083 quidem,
870 1019 953 1062 eram
967 1001 1090 1062 omnino
1106 1001 1190 1060 omni
1208 1008 1360 1062 externo

231 1121 353 1186 orbatus
375 1121 509 1198 euxili03
535 1123 595 1181 nisi
615 1117 699 1205 quod
719 1119 808 1180 uliud
832 1119 901 1180 usui
922 1119 1013 1182 fuerit
1033 1121 1067 1180 0.
1087 1117 1204 1182 Plinius
1226 1119 1357 1196 maior,

232 1247 317 1307 cuim
331 1241 494 1304 Historiam
508 1241 676 1300 naturalem
689 1236 793 1321 Lydus
808 1248 875 1298 tum
890 1238 963 1299 olibi
973 1247 1040 1299 lum
1053 1238 1187 1296 maxime
1203 1255 1230 1296 c.
1238 1239 1275 1313 6,
1283 1239 1356 1314 7,8

231 1364 402 1444 exscripsit.
445 1361 479 1420 tn
499 1359 646 1438 capitibus
670 1355 709 1419 de
735 1357 857 1440 eclipsi,
879 1355 918 1419 de
942 1354 1233 1432 commilitionibus,
1256 1375 1354 1418 non..

231 1479 311 1544 nihil
326 1481 442 1561 profeci
454 1497 497 1536 ex
509 1481 533 1538 l.
548 1479 678 1540 Firmico
693 1481 848 1556 Materno,
870 1479 995 1560 eiusque
1010 1477 1095 1537 libris
1110 1477 1131 1540 8
1145 1476 1193 1536 lte
1206 1471 1351 1536 mathesi

231 1599 325 1663 hodie
350 1599 548 1660 exstantibus.
590 1599 694 1681 ibique
714 1601 892 1680 praecipue,
920 1593 982 1659 hoc
1006 1607 1051 1656 est
1069 1597 1102 1658 ln
1120 1597 1273 1677 prioribus
1300 1601 1350 1664 20

234 1721 383 1802 capitibus
400 1719 471 1778 libri
488 1718 534 1776 lle
554 1721 695 1796 ostentis,
717 1719 857 1779 intellexi
875 1729 1057 1800 quantopere
1074 1733 1149 1796 opus
1165 1725 1245 1776 esset
1260 1716 1349 1778 nolis

234 1837 275 1900 ad
290 1834 486 1898 stabiliendos
502 1833 708 1897 defendendus
725 1835 921 1918 explicandas
938 1834 1095 1897 lectiones.
1137 1835 1241 1897 nrsllus
1256 1837 1347 1897 enim

234 1960 321 2022 locus
344 1966 390 2017 est
410 1958 442 2016 in
467 1950 527 2014 bac
550 1953 648 2014 libelli
673 1966 774 2036 perte,
799 1975 859 2039 quo
876 1958 909 2016 in
924 1957 992 2016 loco
1007 1954 1121 2034 ambigi
1135 1951 1174 2012 de
1189 1955 1344 2018 vocabulo

234 2079 349 2162 possit,
372 2075 445 2159 quin
463 2069 594 2134 eundem
607 2079 759 2136 tractarim
773 2076 989 2156 compluriens,
1012 2093 1069 2132 neo
1082 2074 1148 2132 sine
1164 2073 1344 2134 conficiente

234 2211 326 2257 cause
353 2193 520 2254 statuerim.
575 2191 630 2256 sed
653 2205 683 2255 et
706 2197 870 2276 explanare
891 2191 1040 2255 eiusmodi
1063 2211 1166 2253 canses
1187 2191 1342 2254 infinitum

235 2315 344 2375 fuisset
365 2331 465 2394 neque
480 2310 570 2373 huius
588 2316 749 2396 temporis3
771 2326 802 2376 et
817 2316 994 2397 pugnaciter
1010 2309 1173 2374 defendere
1187 2314 1341 2374 coniectu·

234 2451 285 2492 sss
300 2431 367 2490 eliis
382 2428 588 2510 displicentes,
611 2443 645 2493 ut
660 2434 787 2495 fortasse
803 2437 919 2517 possim
935 2436 962 2495 si
979 2433 1088 2509 velim,
1110 2442 1267 2492 certem
1284 2453 1340 2494 re-

234 2549 293 2613 lim
316 2552 434 2610 etiamsi
453 2552 584 2629 possim,
596 2572 677 2612 cum
705 2559 911 2616 contentiones
933 2550 1084 2614 eiusmodi
1096 2562 1160 2611 tam
1174 2572 1193 2611 e
1205 2553 1337 2616 moribus

235 2668 314 2726 meis
336 2687 428 2750 quam
450 2669 488 2728 ab
509 2667 569 2731 hcc
587 2673 724 2736 instituto
745 2678 806 2736 sint
822 2675 1033 2736 alienissimse.
1055 2668 1149 2760 ¹iude
1161 2674 1199 2733 eb
1212 2673 1335 2739 nordio

236 2787 345 2870 cupitis
361 2788 402 2852 21
419 2787 511 2867 longe
531 2787 681 2852 disemum
693 2795 841 2855 rationem
855 2805 975 2856 secutus
996 2811 1064 2855 sum
1080 2793 1114 2852 in
1132 2793 1333 2858 constituendo

236 2911 336 2964 textu.
378 2925 451 2966 usna
476 2927 545 2968 oum
567 2910 728 2991 inprimis
745 2917 892 2997 capitibus
905 2935 995 2997 saepe
1010 2917 1081 2974 site
1094 2933 1144 2972 me
1158 2917 1332 2994 compositus

236 3027 336 3105 magis
354 3045 446 3109 quam
464 3031 677 3111 trenscriptus,
701 3034 873 3120 oppidoque
889 3054 987 3118 pauca
1000 3030 1111 3092 habeat
1126 3051 1246 3112 prorsus
1261 3031 1332 3094 defi·

133 3164 162 3221 p.
180 3163 225 3242 xn
240 3147 372 3224 niteant
387 3159 485 3224 certa,
506 3148 623 3230 relique
638 3163 708 3231 post
726 3173 753 3214 c.
767 3159 825 3234 20,
847 3153 930 3239 quod
948 3161 1034 3212 erant
1046 3153 1080 3210 in
1098 3151 1164 3210 eliis
1182 3153 1269 3216 etism
1281 3173 1330 3214 co·

240 3261 370 3342 dicibns,
402 3285 465 3326 non
485 3269 518 3326 in
538 3270 604 3330 solo
627 3271 803 3353 Gaseolino,
832 3286 919 3336 extrs
948 3271 1167 3332 dubitationem
1186 3271 1248 3332 ism
1266 3281 1329 3334 sunt

238 3385 347 3462 posite.

199 3492 223 3553 7
326 3505 448 3564 Etenim
465 3507 614 3571 institutio
636 3508 806 3571 tonitrualis
823 3529 850 3570 c.
863 3511 1003 3575 21—26
1022 3511 1168 3592 reperitur
1181 3509 1252 3570 item
1266 3527 1328 3570 cum

239 3623 272 3682 in
284 3621 351 3684 cod.
366 3627 461 3705 Regio
475 3627 569 3705 2381,
591 3629 646 3690 fol.
660 3632 703 3699 70
718 3651 815 3704 verso,
835 3641 901 3692 tum
913 3632 948 3690 in
960 3628 1028 3692 cod.
1042 3633 1155 3694 Veneto
1174 3628 1236 3696 324
1255 3627 1326 3714 (vid.

240 3741 375 3822 catalog.
392 3744 532 3806 biblioth.
553 3748 685 3810 Graecae
701 3751 773 3811 Diri
786 3752 897 3828 Marci,
921 3748 1030 3830 digest.
1049 3750 1181 3831 praeeid.
1199 3754 1324 3812 necent.

237 3857 399 3942 Theopolc
421 3861 518 3940 1740,
540 3865 595 3926 iol.
616 3888 647 3948 p·
672 3867 733 3934 149
753 3870 813 3952 0),
836 3873 889 3955 qui
907 3891 963 3951 per
987 3890 1082 3932 annos
1105 3871 1211 3932 decem
1232 3881 1258 3931 et
1277 3887 1324 3931 sex

239 3999 333 4058 penes
355 3999 427 4058 nos,
448 3980 481 4038 ia
504 3982 688 4048 bibliothece
706 3991 818 4070 Regia,
840 3988 1007 4052 identidem
1025 4011 1044 4050 a
1061 4012 1111 4052 me
1131 3999 1322 4070 tractetusut,

240 4093 337 4159 donec
355 4102 500 4182 temporis
520 4103 643 4166 flemme
665 4126 694 4170 a.
712 4111 794 4177 1815
813 4131 884 4172 eum
904 4112 1044 4191 abripuit.
1086 4111 1226 4194 Plirgidii
1241 4113 1321 4194 liguli
