2934 4868
180 273 214 321 vr
473 249 583 318 trist]
608 249 665 316 DE
689 247 847 315 toltum
872 245 990 314 LYDO

268 452 367 516 Sectio
383 451 415 518 4.
458 451 517 525 Qui
538 447 701 508 editionem
720 445 829 506 horum
848 445 1084 525 fragmentorum
1097 439 1197 505 adhuc

620 536 753 613 aggressi
777 536 847 591 sint.

253 655 299 708 22.
316 653 425 706 leucoe·
437 651 579 716 Mennim,
597 649 851 720 lunuelietgerriue,
886 647 931 702 33.
950 647 1142 714 matutine,
1176 645 1221 700 24.
1239 646 1283 699 le·

185 725 277 796 cepte·
294 724 327 776 ate
343 723 432 784 loliis,
466 721 509 772 25.
533 719 638 772 loannes
652 721 685 771 dc
698 719 834 786 Betim,
854 717 977 770 Nicotaus
986 717 1085 771 sotem.
1128 715 1172 768 26.
1191 717 1284 768 mulos

186 796 315 864 epitomae
324 793 384 844 tttrt
396 793 429 844 de
440 789 568 842 Mentitus
581 795 607 841 et
621 789 756 840 secumdum
765 789 948 856 fragmentum
961 785 1022 838 tttrt
1034 787 1067 838 de
1083 786 1196 838 orrentia
1210 785 1284 837 edito

187 881 219 918 ee
238 862 393 933 apographo
412 859 573 912 octoviano.
641 857 685 910 27.
705 857 860 926 suspiciones
875 856 911 908 od
925 855 983 908 leco
996 855 1124 924 quondm
1137 855 1213 907 hius
1226 853 1284 908 edi-

185 933 272 988 tinuit.

229 1071 330 1132 Sectio
347 1067 378 1133 5.
421 1067 466 1124 De
483 1062 583 1124 codice
598 1063 754 1122 coseolino
770 1073 859 1143 etque
875 1060 913 1123 de
926 1061 984 1123 huc
998 1060 1130 1124 editione
1144 1062 1243 1142 operis

593 1147 631 1208 de
648 1151 880 1228 magistratibus.

256 1271 301 1328 28.
320 1269 376 1336 Qec
394 1268 527 1335 imperato
544 1283 606 1318 coru
619 1265 700 1317 codes
715 1265 863 1317 Curculione
882 1266 909 1319 ie
924 1266 1038 1320 &aecio
1053 1263 1125 1335 apud
1139 1262 1240 1332 cpolim
1251 1260 1288 1316 tit

188 1347 314 1409 repertur.
376 1335 419 1390 29.
437 1351 581 1404 piarentur
594 1334 841 1401 etotimeitpublt'ei
854 1333 1029 1400 iwisfeetu.
1085 1334 1130 1388 30.
1147 1349 1215 1386 mors
1232 1331 1289 1384 Vit-

189 1410 309 1474 loirouic,
327 1407 368 1458 cui
383 1407 474 1457 deluto
486 1411 544 1456 erut
559 1403 627 1470 Lydi
637 1403 726 1454 editio.
785 1401 829 1454 31.
851 1403 914 1455 liber
927 1405 960 1456 de
974 1402 1176 1474 Mugietrctiiue
1187 1402 1287 1468 impec-

190 1479 235 1531 dio
255 1485 282 1530 et
302 1475 477 1541 munificentie
499 1473 550 1524 oiri
566 1472 674 1524 illustris
692 1473 724 1522 rle
744 1471 970 1526 Cicireuieditue.
1038 1473 1083 1526 32.
1102 1473 1178 1540 origo
1193 1469 1290 1523 ecdici·

191 1545 330 1600 casentini.
387 1543 431 1596 33.
451 1542 588 1608 descriptio
603 1539 698 1592 codicis
714 1541 853 1593 Cmeclioi.
903 1541 947 1595 34.
965 1542 998 1594 dc
1012 1543 1116 1607 eodem,
1132 1547 1160 1604 ct
1173 1537 1290 1606 eequeli

191 1616 278 1668 codiee
289 1614 379 1666 ductus
391 1614 435 1665 eit.
503 1611 548 1664 35.
567 1609 683 1661 condicio
694 1607 820 1660 hodierno
832 1611 928 1664 codicis
940 1611 1076 1665 Cutcolioi.
1144 1607 1189 1664 ³6.
1207 1606 1290 1662 editio

191 1684 251 1738 tttrt
264 1683 296 1736 dc
310 1681 422 1738 ostentis
432 1697 463 1736 cc
476 1681 565 1736 cedem
580 1679 667 1734 codiee
679 1679 817 1748 pomosa.

636 1911 842 1923 ...anna-anau...-

154 2097 173 2158 1
195 2053 308 2190 Quod
328 2083 505 2148 iamdudum
524 2089 706 2168 percrebruit
726 2107 788 2148 non
810 2085 901 2148 modo
924 2088 956 2146 in
974 2087 1073 2148 Gallis
1091 2083 1146 2147 sed
1166 2087 1200 2145 in
1215 2087 1294 2176 Ger-

192 2193 295 2250 meniu
317 2208 436 2271 quoque
458 2198 488 2246 et
509 2189 541 2246 in
561 2199 623 2248 totu
643 2209 739 2270 peeue
755 2193 875 2272 Europe
889 2191 1022 2267 literam,
1046 2191 1112 2249 fore
1127 2189 1294 2249 utloennis

192 2289 273 2372 Lydi
294 2289 410 2350 inedita
431 2287 530 2350 adhuc
551 2311 642 2371 opere
663 2313 703 2353 ex
726 2304 841 2354 vetusto
865 2291 966 2354 codice
986 2293 1072 2372 Gpoli
1089 2291 1245 2374 deportato
1259 2293 1294 2349 in

194 2395 297 2454 lucem
317 2390 487 2471 prodirent,
519 2392 659 2476 quodque
682 2407 711 2454 et
731 2397 889 2476 probatum
911 2399 1044 2456 maxime
1067 2395 1175 2454 uviris
1199 2391 1296 2452 doctis

195 2497 399 2575 compluribus
413 2506 458 2554 est
472 2505 502 2554 et
516 2507 661 2574 optatum,
684 2496 717 2556 id
731 2517 811 2556 nuno
823 2507 1000 2580 praestetur.
1044 2515 1172 2578 cumque
1185 2498 1232 2556 vir
1242 2497 1297 2554 ifle

195 2599 416 2673 nobilissimus,
453 2599 501 2656 cui
525 2617 559 2656 eu
580 2617 670 2677 opera
690 2601 871 2659 inventionis
891 2603 956 2659 iure
978 2603 1098 2679 propriu
1121 2609 1191 2658 suut
1215 2599 1297 2658 fectu

196 2703 309 2783 quique
331 2701 385 2758 illu
408 2717 488 2756 nunc
511 2699 663 2778 vulganda
686 2713 785 2778 curet,
807 2703 971 2779 rogavisset
986 2699 1208 2760 adolescentem
1224 2701 1298 2760 lite-

113 2822 298 2877 purarum
321 2803 503 2861 Graecorum
523 2800 790 2880 studiosissimum,
811 2805 1001 2862 Dominioum
1018 2805 1110 2880 Ruso,
1131 2814 1165 2862 ut
1177 2813 1298 2864 textum

194 2903 285 2966 huius
308 2906 407 2986 operis
430 2923 523 2986 quum
542 2901 770 2984 diligentissime
787 2909 946 2984 corrigeret
962 2907 1129 2987 Latineque
1146 2905 1299 2986 iuterpre-

194 3011 307 3068 tatione
322 3010 500 3082 illustruret‚
522 3019 695 3087 pergratum
709 3007 785 3068 mihi
800 3007 907 3068 eccidit
921 3020 955 3068 ut
971 3029 1012 3068 ex
1027 3027 1096 3068 mee
1112 3025 1233 3090 quoque
1246 3009 1299 3067 fu·

195 3114 306 3171 oultute
322 3108 438 3193 aliquid
450 3110 482 3169 iu
494 3107 552 3170 hoc
566 3129 641 3191 opus
656 3114 789 3174 conferre
804 3130 976 3192 nomenque
990 3131 1094 3170 meum
1109 3120 1172 3169 tum
1188 3108 1300 3169 lendu-

195 3215 252 3272 bili
266 3215 385 3294 incepto
401 3215 547 3273 ascribere
559 3235 690 3294 possem.
733 3216 844 3280 electus
856 3215 939 3272 euim
951 3233 969 3270 u
982 3212 1094 3274 codicis
1110 3211 1232 3272 domino
1245 3231 1299 3272 eas

196 3325 297 3396 portes
315 3318 450 3394 suscepi,
472 3326 506 3373 ut
521 3317 673 3394 praefarer
687 3336 764 3397 quee
779 3317 906 3374 lectores
922 3317 997 3374 scire
1012 3318 1146 3375 maxime
1162 3315 1299 3374 referret.

199 3436 292 3498 quere
317 3435 393 3498 quue
415 3419 448 3475 in
467 3428 599 3476 mentem
621 3407 781 3478 veniebant
802 3437 871 3476 cum
890 3417 1002 3476 librum
1024 3417 1239 3499 perlegissem,
1262 3433 1299 3472 eu

200 3521 346 3598 scripture
363 3521 504 3599 persequi
522 3530 552 3577 et
573 3522 605 3577 in
618 3523 751 3602 quinque
764 3531 864 3600 partes
880 3519 1035 3600 dispertire
1052 3521 1148 3599 coepi.
1189 3516 1300 3578 hurum

200 3622 330 3701 primum
346 3623 436 3680 tribui
451 3619 592 3680 historiae
606 3625 749 3700 auctoris,
772 3623 936 3684 secundum
947 3625 1018 3684 iotis
1031 3625 1208 3704 scriptorum
1221 3618 1302 3700 Lydi

201 3719 303 3782 medio
324 3742 413 3798 aevo,
445 3728 565 3782 tertium
587 3723 711 3784 elencho
728 3726 965 3806 fragmentorum
992 3730 1056 3786 eius
1078 3726 1190 3806 passim
1205 3724 1237 3781 in
1250 3722 1313 3781 biw

202 3823 362 3884 bliothecis
382 3829 574 3886 exstantium.
619 3831 652 3886 in
674 3839 778 3910 quarte
798 3829 863 3888 dixi
881 3833 933 3910 qui
948 3830 1105 3912 quippiam
1117 3827 1182 3886 eius
1195 3821 1302 3884 edide-

202 3929 262 3986 rint
281 3930 332 3988 vel
352 3929 534 3988 instituerint
557 3927 662 4007 edere3
684 3933 716 3988 in
736 3935 841 4012 quinta
864 3951 924 4012 quo
946 3935 1097 4010 insperato
1120 3949 1191 3988 cusu
1211 3947 1303 4006 opere

205 4030 269 4088 eius
283 4031 314 4088 iu
328 4029 452 4088 Grueoiu
469 4050 565 4110 nuper
582 4043 698 4113 repertu
713 4035 772 4091 sint
788 4035 880 4114 inque
893 4033 990 4092 Gellia
1003 4051 1083 4090 nunc
1097 4032 1215 4111 vulgari
1231 4049 1303 4090 coe-

205 4141 268 4212 ptu.
311 4151 330 4192 u
345 4131 430 4214 'Lydi
452 4135 514 4194 vite
534 4135 642 4213 igitur,
670 4146 704 4196 ut
723 4139 928 4216 praepositum
945 4147 1006 4211 est,
1035 4132 1149 4210 ordior,
1171 4136 1197 4194 si
1218 4135 1304 4213 prius

206 4245 307 4296 temen
325 4237 451 4299 lectores
474 4257 596 4298 oravero
613 4249 648 4299 ut
666 4240 889 4319 patiunturnou
901 4239 999 4299 solum
1012 4238 1241 4315 magistratuum
1255 4232 1304 4293 di-
