2934 4868
249 357 387 430 nasu
413 359 474 428 DE
499 359 708 432 ostanus
733 361 979 432 PRAEFATIO.
1148 383 1185 434 aa

45 563 96 626 bas
108 564 284 646 religione
298 561 488 625 obstrictum
498 581 548 622 me
558 563 757 644 putavissem,
778 564 838 624 nisi
851 564 964 626 uisset
977 561 1107 648 denique
1119 567 1186 648 pri·

46 707 127 745 unm
150 686 324 746 volumen
345 683 534 744 collectionis
556 701 652 742 novae
672 685 871 764 Byzantinus.
913 703 1012 761 nnnc,
1041 686 1186 766 quonlam

47 809 212 887 profligata
237 808 315 866 iam
341 803 455 863 Leonis
475 803 601 862 Diacoui
621 812 651 860 et
671 821 792 882 prorsus
806 802 846 863 ad
859 805 976 863 exitum
993 801 1121 864 deducta
1139 813 1185 867 est

48 930 214 1009 impressio
242 923 367 1007 (detur
378 923 467 984 senia
477 921 570 984 verbo
581 918 698 1002 noro),
719 941 777 981 nso
793 922 923 982 multum
936 923 1021 985 abest
1036 927 1111 1007 quin
1121 927 1185 985 stt-

50 1046 164 1109 maelis
194 1046 311 1107 Pselli
335 1063 432 1125 aeque
449 1043 637 1119 absolvatur,
659 1043 806 1124 pusillum
818 1041 986 1103 laxamenti
997 1057 1102 1106 nactus
1116 1045 1184 1107 edi-
1202 1071 1232 1128 p.
1249 1071 1273 1111 rr
1368 1028 1370 1033 ’

51 1170 163 1228 essem
192 1167 282 1225 ueri
304 1161 439 1245 nyersnr
461 1164 547 1223 nolui
569 1163 699 1244 amplius
722 1160 859 1239 suem,
879 1181 919 1222 ns
941 1162 994 1245 (ut
1008 1165 1110 1226 labilis
1124 1169 1184 1228 nu·
1222 1133 1225 1138 ’

54 1307 170 1371 nuque
185 1298 242 1348 est
258 1303 369 1344 rerum
382 1281 584 1342 humanarum
597 1281 712 1363 status)
735 1281 883 1344 accideret
896 1281 1012 1366 aliquid
1024 1284 1107 1368 qnod
1119 1305 1184 1348 rem

57 1413 175 1468 ournino
191 1404 441 1480 interturbaret,
462 1415 554 1486 utque
568 1405 754 1486 antiquitatis
770 1405 925 1464 Romanas
939 1403 1064 1467 studiosi
1077 1410 1184 1488 cogni-

58 1530 130 1586 tione
146 1524 351 1605 disciplinae
367 1525 528 1604 auguralis,
552 1525 816 1608 quantulacunque
829 1521 954 1582 tandem
966 1543 1006 1583 ex
1018 1524 1105 1607 Lydo
1120 1528 1184 1609 peti

59 1649 167 1723 possit,
192 1665 241 1703 ne
261 1641 487 1704 fraudarentur.
530 1663 587 1731 neo
604 1653 707 1702 tamen
727 1644 847 1718 minus,
869 1641 975 1702 affecto
990 1643 1114 1724 quidem
1128 1644 1184 1708 sed

61 1782 114 1821 uon
128 1763 285 1822 confecto
303 1762 447 1824 mandato
461 1767 620 1846 prioreque
633 1764 773 1844 negotio,
794 1761 998 1823 rerecamduna
1012 1766 1116 1844 putari
1132 1785 1185 1825 re·

63 1903 126 1944 cena
155 1895 349 1964 susceptum
369 1885 496 1948 strictim
517 1887 693 1966 transigere.
735 1884 838 1966 itaque
861 1884 1018 1963 exemplar
1034 1886 1185 1946 Graecum

65 2023 128 2062 cum
140 2005 215 2064 sola
231 2005 484 2086 interpretatione
501 2007 626 2081 Latina,
650 2023 728 2086 qnae
744 2005 951 2064 commentarii
964 2006 1102 2086 perpetui
1113 2005 1182 2066 loco

67 2134 157 2200 esset,
181 2126 218 2182 in
240 2121 300 2183 bes
318 2103 455 2204 pagellas
476 2127 604 2186 conieci:
627 2123 664 2182 ab
684 2125 885 2204 explicatione
898 2143 999 2184 rerum
1015 2143 1066 2184 me
1084 2124 1183 2183 conti-

68 2247 129 2303 nui.
175 2253 253 2302 sunt
266 2263 339 2303 sane
356 2247 547 2326 quaestiones
563 2243 714 2319 infinitae,
737 2241 776 2309 ad
797 2245 958 2325 religiones
975 2245 1079 2304 ltaliae
1097 2253 1184 2305 rete-

71 2363 110 2421 ris
129 2381 302 2444 rerumque
325 2361 496 2422 divinarum
522 2363 713 2445 antiquitates
733 2365 934 2444 pertinentes,
957 2363 995 2424 de
1018 2365 1127 2446 quibus
1148 2365 1183 2424 in

73 2484 237 2562 scriptione
260 2483 368 2543 latiore
389 2493 479 2564 atque
501 2485 648 2544 ornatiora
663 2481 839 2564 dicipoeeit.
882 2483 937 2546 sed
955 2482 1064 2544 herum
1082 2503 1183 2544 rerum

75 2605 194 2662 umetai
219 2620 278 2682 ego
299 2620 421 2684 quoque
443 2603 530 2684 quasi
544 2603 653 2662 silvam
667 2607 882 2687 collegissem,
893 2623 950 2664 neo
965 2607 1066 2666 minus
1081 2623 1184 2666 rerum

76 2720 283 2780 Romanarum
310 2721 411 2782 studio
440 2739 533 2803 quam
562 2725 743 2785 Graecarum
768 2727 914 2802 oblecter,
945 2735 1047 2784 tamen
1072 2726 1184 2806 partim

79 2842 289 2919 quaestionum
301 2851 335 2900 ut
350 2842 464 2902 alienas
478 2841 515 2900 ab
532 2845 700 2904 auctoribus
716 2846 907 2924 Byzantinis,
932 2845 1070 2927 equibus
1084 2841 1185 2906 &aoe-

79 2957 148 3017 dere
171 2959 293 3038 lougius
313 2961 379 3018 sine
397 2959 614 3020 inconstantiae
635 2965 804 3043 suspicione
826 2965 913 3025 nullo
936 2963 1027 3030 modo
1047 2983 1182 3044 possum,

80 3073 251 3137 bominibus
273 3075 491 3138 excellentibus
510 3080 543 3139 in
562 3077 622 3140 hoc
640 3099 768 3161 genere,
790 3083 951 3142 subtilibus
969 3093 999 3141 et
1015 3085 1109 3141 acutis
1121 3099 1185 3141 uon

81 3199 178 3256 minua
199 3215 292 3278 quam
311 3193 532 3261 abundantibus
554 3198 737 3276 eruditione,
759 3202 866 3282 quibus
888 3210 970 3260 aetas
984 3211 1087 3260 nostra
1103 3210 1182 3260 recte
1199 3222 1228 3279 p.
1246 3221 1286 3262 rar

82 3315 238 3394 gloriatur,
261 3312 430 3376 tractandas
443 3319 570 3400 reliquit
594 3317 632 3379 de
646 3321 791 3402 capitibus
807 3323 873 3381 aliis
886 3321 1014 3382 fortasse
1029 3322 1088 3382 alio
1102 3331 1183 3380 tem-

81 3454 150 3514 pore
169 3437 317 3516 singulari
336 3439 448 3518 scripto
465 3439 570 3519 lingna
586 3441 745 3502 vernacula
761 3443 825 3522 ipse
842 3459 942 3522 agam.
985 3441 1183 3519 inpraesenti

83 3559 211 3635 primum
232 3555 271 3615 de
288 3557 372 3617 fonte
390 3559 527 3618 instituto
552 3559 695 3621 subsidiis
720 3561 860 3622 editionis
883 3558 990 3634 huius,
1013 3554 1122 3616 deinde
1142 3554 1180 3618 ds

82 3675 321 3758 interpretatione
342 3680 465 3754 Latius,
487 3689 554 3738 tum
572 3677 610 3739 de
632 3679 778 3741 mirandis
795 3677 976 3762 quibusdam
992 3686 1044 3736 aut
1061 3695 1181 3738 memo-

84 3797 221 3859 rabilibus
232 3799 266 3857 in
276 3796 335 3860 boo
346 3799 450 3858 libello
462 3795 552 3880 Lydi,
575 3795 706 3880 denique
722 3799 760 3859 de
772 3801 942 3878 fragmento
953 3796 1024 3856 libri
1035 3797 1081 3856 De
1091 3817 1183 3858 rnen-

83 3917 178 3996 sibus,
201 3917 283 4001 quod
302 3938 365 3978 nna
382 3917 500 3999 prodit,
521 3926 673 3997 posu-emo
691 3915 729 3978 de
746 3929 886 3979 notarum
900 3935 1038 3979 menum
1055 3919 1182 3996 radone,

7 4075 8 4080 κ
82 4039 188 4118 partite
203 4041 388 4122 atdsdrnqns
401 4035 511 4098 dicam.

7 4139 8 4152 ἵ
164 4157 281 4221 Codicis
300 4157 453 4218 flaseolini
470 4177 548 4242 quae
562 4159 602 4220 sit
616 4158 700 4238 origo
716 4164 798 4216 aetas
812 4153 963 4235 condicio,
984 4153 1096 4238 quique
1108 4153 1179 4215 ine·
1198 4153 1221 4217 2

82 4277 140 4339 rint
158 4297 259 4359 maus,
281 4278 413 4360 exposui
433 4281 466 4340 in
487 4277 714 4361 Prolegonaenis
732 4275 802 4340 libri
818 4279 865 4338 De
877 4271 1103 4357 magistratibus
1118 4275 1183 4336 Ro·
