2934 4868
260 307 349 360 nvm
600 283 713 356 lliSll
736 285 796 355 DE
819 285 1030 356 osmms

261 499 292 550 et
301 489 394 550 eltero
402 485 497 568 liegio
507 489 587 554 1991
599 486 652 548 tot.
666 483 854 554 livosa-24
864 507 960 548 verso.-
976 483 1059 548 leuno
1067 485 1223 549 noeniuevi
1231 489 1311 572 1105.
1320 489 1376 554 B.

261 627 427 693 eorumque
447 606 592 670 ‚oodioum
617 609 755 670 omnium
783 607 933 670 miemes
961 609 1073 692 potins
1100 609 1228 692 apposni
1249 609 1283 670 in
1301 629 1375 688 ore,

260 733 390 814 purtim,
421 749 463 790 ne
495 729 587 791 uisffis
614 729 674 790 iste
697 729 884 812 oppleretur,
915 731 1006 792 nieoi
1025 730 1059 791 in
1078 741 1167 791 uotss
1188 725 1228 790 ed
1251 729 1376 790 oeloenn

261 862 375 913 textus.

222 977 245 1040 8
349 971 405 1032 llis
428 968 523 1050 igitur
544 967 666 1029 enxillis
687 963 808 1028 edintus
831 964 903 1028 dedi
923 987 1047 1052 operm
1063 967 1163 1030 textui
1180 963 1375 1029 euoenseudo

260 1091 501 1174 lectionibusque
526 1084 705 1170 colligendis
733 1085 949 1167 emendandis,
981 1086 1152 1151 relioiendis
1175 1088 1374 1170 otiumque·

261 1211 427 1292 oportebet
469 1210 714 1292 generumque,
747 1207 869 1292 quondo
894 1209 1054 1294 utrobique
1082 1209 1213 1270 retiones
1238 1207 1374 1270 ederent

4 1299 8 1406 s
261 1345 358 1412 esque
372 1331 553 1411 probabiles,
574 1331 675 1412 potius
690 1325 730 1388 sd
744 1326 810 1390 ood.
824 1329 974 1390 coseolini
987 1339 1021 1392 nt
1036 1331 1213 1414 entiqoioris
1225 1345 1374 1389 nomem

4 1411 8 1446 ³
260 1445 361 1508 dis-exi
373 1447 549 1512 editionem.
576 1454 732 1516 otiunen
747 1444 1262 1531 euphouiousnsivedotlsuotsto's‚
1280 1447 1373 1532 quod

4 1599 6 1686 ἲ
260 1587 418 1650 nunquam
437 1570 491 1629 ille
510 1589 572 1632 non
593 1568 702 1646 hebet,
725 1573 903 1636 eteoveom
919 1593 992 1653 την,
1012 1589 1107 1634 soots
1120 1591 1198 1645 sote,
1220 1566 1370 1652 quodque

3 1695 5 1782 l
211 1685 214 1694 '
260 1688 422 1768 antiquita
443 1689 573 1770 ponebet
591 1690 704 1774 ubique
725 1689 789 1771 (tot
811 1711 847 1752 ee
869 1691 991 1752 iuensnt
1011 1711 1090 1774 quoe
1108 1689 1295 1772 gnmmedoi
1313 1689 1373 1748 lu-

3 1795 5 1900 ξ
258 1809 376 1884 uiores,
398 1827 527 1870 munus
540 1811 636 1870 monti
649 1811 750 1871 nesoio
767 1829 807 1870 en
822 1811 965 1886 ebusum,
987 1805 1223 1889 immutarunt),
1241 1827 1282 1868 ue
1296 1807 1372 1868 oui-

3 1941 5 2008 χ
258 1930 343 2008 piem
360 1927 481 1990 fastidio
504 1949 616 2006 essem,
638 1931 671 1988 ln
691 1931 815 1992 vooibus
834 1950 896 1990 non
916 1927 1069 1992 hientibus
1086 1929 1205 1991 sustuli.
1247 1947 1307 2011 que
1324 1925 1369 1988 de

2 2021 4 2044 ³
156 2063 187 2118 1³·
204 2063 242 2102 xv
259 2069 292 2109 re
319 2048 432 2112 videris
462 2068 540 2133 quee
566 2050 614 2110 eir
634 2052 773 2131 egregius
794 2047 1011 2132 ebundensque
1037 2049 1171 2112 doctrine
1194 2047 1369 2110 liriderious

258 2171 363 2230 leoobs
392 2172 488 2231 multe
517 2172 693 2252 exsequitur
718 2169 928 2250 Prolegomen.
958 2168 999 2230 ed
1028 2167 1102 2230 edit.
1131 2165 1260 2232 thillis
1278 2167 1366 2228 Tetii

258 2310 291 2372 p.
305 2309 377 2351 κον.
420 2293 554 2372 oepitntn
568 2289 790 2352 distinotionetn
806 2310 885 2350 esne
896 2290 1009 2351 feotem
1029 2287 1084 2370 (in
1099 2285 1169 2348 oud
1185 2294 1287 2350 omniu
1301 2307 1367 2348 nno

259 2420 290 2468 et
304 2419 449 2490 perpetuo
463 2422 567 2471 tenos-e
578 2408 781 2492 pereguntuu)
803 2429 891 2491 opero
905 2411 970 2472 iot-e
984 2421 1018 2471 ut
1029 2410 1135 2492 ptubet
1148 2409 1252 2470 leotor.
1280 2403 1368 2490 quod

259 2529 299 2590 ed
316 2533 486 2592 versionem
500 2533 622 2608 ettinet,
644 2531 767 2593 omuino
782 2527 858 2590 leoeo
873 2529 933 2592 duo
951 2530 1036 2592 volui
1047 2528 1206 2612 oonsequI,
1228 2529 1367 2609 primum

260 2651 298 2710 eb
315 2652 460 2729 euotoris,
481 2669 543 2712 uon
556 2653 600 2711 ite
611 2652 776 2727 luculenti,
800 2653 948 2736 sententie
962 2661 1047 2710 utne
1062 2651 1227 2723 ebenus-en
1250 2643 1367 2706 deiude

259 2778 294 2828 ut
307 2767 454 2850 loquendi
469 2789 587 2833 morem
600 2769 751 2832 suboleret
764 2791 868 2831 eorum
881 2773 934 2854 qui
950 2769 989 2831 de
1000 2771 1151 2832 veteiibus
1163 2787 1254 2850 super
1268 2766 1366 2828 simili

261 2901 440 2970 argomento
457 2893 567 2971 sot-ipis
578 2891 686 2952 Letine
699 2892 894 2974 reliquerunt.
938 2901 1120 2975 quepropter
1133 2909 1202 2950 oum
1219 2890 1277 2948 elie
1294 2887 1367 2948 loon

258 3013 390 3092 possim,
411 3021 478 3070 tum
494 3013 629 3070 menime
644 3011 790 3072 ionnulet
804 3011 945 3073 solennes
959 3013 1058 3072 verbis
1076 3011 1147 3072 lulii
1163 3009 1365 3090 obsequentis

259 3128 380 3190 reddidi
400 3131 485 3190 illius
506 3131 559 3212 qui
573 3129 712 3190 libellum
730 3132 777 3191 lie
797 3131 942 3214 prodigiis
959 3131 1143 3214 oompoouit‚
1168 3147 1277 3211 genere
1291 3145 1365 3186 ose-

259 3253 350 3310 tionis
370 3271 443 3314 usus
463 3253 536 3312 ostie
556 3253 665 3312 Letino
689 3261 719 3311 et
737 3253 831 3334 probo
853 3253 1010 3336 (Roosassi
1028 3254 1089 3312 orie
1108 3249 1259 3312 eunom
1274 3253 1365 3306 vooet

257 3367 400 3431 lies-thius
416 3369 455 3430 ed
471 3373 559 3434 Stetii
574 3368 761 3436 Thebaidd
783 3369 858 3452 86),
881 3372 936 3434 ted
954 3373 1055 3434 verbis
1070 3383 1172 3432 temen
1185 3369 1277 3451 penio
1293 3384 1365 3426 me-

259 3491 306 3572 gio
320 3493 426 3573 prieoie
439 3493 636 3554 interstincto.
680 3489 799 3553 claudii
811 3495 905 3554 Tusoi
920 3492 1132 3555 Celenderium
1145 3499 1264 3551 vertens
1277 3507 1365 3546 oom-

256 3613 345 3692 plure
365 3630 434 3672 suus
455 3633 496 3674 ex
512 3614 660 3674 letiuitete
676 3615 781 3674 Llunii
797 3614 982 3675 columellae
995 3623 1164 3688 mutuatus,
1186 3627 1278 3692 quem
1292 3607 1364 3666 exi-

111 3734 119 3754 “
258 3734 348 3794 stimo
367 3733 418 3794 vel
437 3753 478 3794 ex
497 3736 564 3817 ipso
585 3737 687 3796 Tusoo
710 3732 762 3794 vel
786 3753 828 3794 ex
850 3732 958 3794 eodem
973 3734 1057 3794 fonte
1074 3750 1134 3813 quo
1147 3731 1201 3790 ille
1215 3727 1363 3802 hausisse,

256 3849 334 3913 libro
363 3851 524 3916 uudeoimo
553 3856 741 3939 preesertim.
784 3874 826 3915 ex
847 3851 1033 3916 celenderiis
1054 3855 1129 3914 item
1150 3849 1312 3922 Romanis,
1344 3863 1365 3904 e

256 3973 366 4034 leoobo
380 3973 554 4052 llesooltio,
576 3975 656 4038 Aldo
671 3977 818 4055 lienutio,
839 3975 947 4036 (ierolo
963 3973 1098 4054 sigonio,
1119 3965 1273 4052 liephetle
1288 3965 1364 4047 cyl-

142 4117 170 4172 p.
189 4111 241 4154 m
258 4093 357 4174 lenio,
379 4095 524 4172 linotet-o,
547 4094 716 4158 Blenohino
736 4095 839 4172 editis,
861 4092 943 4178 quod
963 4093 1109 4156 nonnulle
1124 4087 1265 4150 videntur
1278 4085 1364 4146 vele

255 4225 357 4278 noetio
370 4211 490 4276 clsudii
503 4217 599 4280 'l'ueoi
612 4217 663 4278 vel
676 4213 813 4278 indidem
826 4235 887 4300 quo
901 4211 980 4277 illud
992 4231 1142 4290 menate,
1163 4227 1269 4272 eorum
1285 4224 1363 4292 quo-
