<?xml version="1.0" encoding="UTF-8"?>
<!DOCTYPE html PUBLIC "-//W3C//DTD XHTML 1.0 Transitional//EN"
    "http://www.w3.org/TR/xhtml1/DTD/xhtml1-transitional.dtd">
<html xmlns="http://www.w3.org/1999/xhtml" xml:lang="en" lang="en">
 <head>
  <title>
</title>
<meta http-equiv="Content-Type" content="text/html;charset=utf-8" />
  <meta name='ocr-system' content='tesseract 3.04.00' />
  <meta name='ocr-capabilities' content='ocr_page ocr_carea ocr_par ocr_line ocrx_word'/>
</head>
<body>
  <div class='ocr_page' id='page_1' title='image "./ioanneslydus00lydugoog/ioanneslydus00lydugoog_0281.png"; bbox 0 0 3078 4862; ppageno 0'>
   <div class='ocr_carea' id='block_1_1' title="bbox 305 305 998 381">
    <p class='ocr_par' dir='ltr' id='par_1_1' title="bbox 305 305 998 381">
     <span class='ocr_line' id='line_1_1' title="bbox 305 305 998 381; baseline -0.006 0"><span class='ocrx_word' id='word_1_1' title='bbox 305 305 378 381; x_wconf 78' lang='lat'>204</span> <span class='ocrx_word' id='word_1_2' title='bbox 699 305 866 378; x_wconf 77' lang='lat' dir='ltr'>lOiNNlS</span> <span class='ocrx_word' id='word_1_3' title='bbox 897 305 998 377; x_wconf 77' lang='lat' dir='ltr'>nrm</span> 
     </span>
    </p>
   </div>
   <div class='ocr_carea' id='block_1_2' title="bbox 257 473 1435 2834">
    <p class='ocr_par' dir='ltr' id='par_1_2' title="bbox 298 473 1435 2420">
     <span class='ocr_line' id='line_1_2' title="bbox 303 473 1393 574; baseline 0.001 -24"><span class='ocrx_word' id='word_1_4' title='bbox 303 479 396 567; x_wconf 87' lang='grc' dir='ltr'><strong><em>νάμος</em></strong></span> <span class='ocrx_word' id='word_1_5' title='bbox 408 479 483 569; x_wconf 83' lang='grc' dir='ltr'><strong><em>πρός</em></strong></span> <span class='ocrx_word' id='word_1_6' title='bbox 492 477 650 570; x_wconf 75' lang='grc' dir='ltr'><strong><em>Ἀρκαδίαν</em></strong></span> <span class='ocrx_word' id='word_1_7' title='bbox 666 479 799 562; x_wconf 92' lang='grc' dir='ltr'><strong><em>τίθεται,</em></strong></span> <span class='ocrx_word' id='word_1_8' title='bbox 823 482 975 562; x_wconf 85' lang='grc' dir='ltr'><strong><em>θεσπίζων</em></strong></span> <span class='ocrx_word' id='word_1_9' title='bbox 991 473 1104 563; x_wconf 82' lang='grc' dir='ltr'><strong><em>ίάιάζον</em></strong></span> <span class='ocrx_word' id='word_1_10' title='bbox 1120 483 1171 548; x_wconf 79' lang='lat' dir='ltr'>roi</span> <span class='ocrx_word' id='word_1_11' title='bbox 1185 473 1282 574; x_wconf 74' lang='grc' dir='ltr'><strong><em>πάντῃ</em></strong></span> <span class='ocrx_word' id='word_1_12' title='bbox 1297 509 1393 570; x_wconf 75' lang='grc' dir='ltr'><strong><em>κεχω-</em></strong></span> 
     </span>
     <span class='ocr_line' id='line_1_3' title="bbox 302 581 1395 676; baseline 0.005 -26"><span class='ocrx_word' id='word_1_13' title='bbox 302 585 443 674; x_wconf 86' lang='grc' dir='ltr'><strong><em>ρισμίνον</em></strong></span> <span class='ocrx_word' id='word_1_14' title='bbox 463 581 603 670; x_wconf 81' lang='grc' dir='ltr'><strong><em>σάστημα</em></strong></span> <span class='ocrx_word' id='word_1_15' title='bbox 621 583 783 674; x_wconf 79' lang='grc' dir='ltr'><strong><em>τριάκοντα</em></strong></span> <span class='ocrx_word' id='word_1_16' title='bbox 797 585 850 652; x_wconf 79' lang='grc' dir='ltr'>τὸν</span> <span class='ocrx_word' id='word_1_17' title='bbox 863 583 997 675; x_wconf 82' lang='grc' dir='ltr'><strong><em>άριθμόν</em></strong></span> <span class='ocrx_word' id='word_1_18' title='bbox 1008 585 1144 672; x_wconf 75' lang='grc' dir='ltr'><strong><em>ἀνδρῶν,</em></strong></span> <span class='ocrx_word' id='word_1_19' title='bbox 1169 585 1229 671; x_wconf 81' lang='grc' dir='ltr'>ἤδη</span> <span class='ocrx_word' id='word_1_20' title='bbox 1246 583 1395 676; x_wconf 81' lang='grc' dir='ltr'><strong><em>πρότερον</em></strong></span> 
     </span>
     <span class='ocr_line' id='line_1_4' title="bbox 304 687 1394 778; baseline 0.002 -24"><span class='ocrx_word' id='word_1_21' title='bbox 304 691 336 755; x_wconf 78' lang='grc' dir='ltr'>ἓν</span> <span class='ocrx_word' id='word_1_22' title='bbox 355 693 399 777; x_wconf 77' lang='grc' dir='ltr'><strong><em>τῷ</em></strong></span> <span class='ocrx_word' id='word_1_23' title='bbox 417 694 545 772; x_wconf 77' lang='grc' dir='ltr'><strong><em>βοηθεῖν</em></strong></span> <span class='ocrx_word' id='word_1_24' title='bbox 568 689 825 778; x_wconf 78' lang='grc' dir='ltr'><strong><em>διαφαινομίνων,</em></strong></span> <span class='ocrx_word' id='word_1_25' title='bbox 853 695 1001 772; x_wconf 75' lang='grc' dir='ltr'><strong><em>συστῆσαι</em></strong></span> <span class='ocrx_word' id='word_1_26' title='bbox 1022 688 1077 773; x_wconf 81' lang='grc' dir='ltr'>τὴν</span> <span class='ocrx_word' id='word_1_27' title='bbox 1100 687 1292 778; x_wconf 81' lang='grc' dir='ltr'><strong><em>ίπαρχότιμα</em></strong></span> <span class='ocrx_word' id='word_1_28' title='bbox 1315 690 1394 778; x_wconf 74' lang='grc' dir='ltr'><strong><em>πρὸς</em></strong></span> 
     </span>
     <span class='ocr_line' id='line_1_5' title="bbox 301 783 1393 880; baseline 0.004 -24"><span class='ocrx_word' id='word_1_29' title='bbox 301 789 466 878; x_wconf 73' lang='grc' dir='ltr'><strong><em>ῶπηρισίαν</em></strong></span> <span class='ocrx_word' id='word_1_30' title='bbox 478 787 582 878; x_wconf 70' lang='grc' dir='ltr'><strong><em>ἑαυτῇ.</em></strong></span> <span class='ocrx_word' id='word_1_31' title='bbox 632 791 775 880; x_wconf 70' lang='grc' dir='ltr'><strong><em>οὐδὲγάρ</em></strong></span> <span class='ocrx_word' id='word_1_32' title='bbox 790 791 907 878; x_wconf 79' lang='grc' dir='ltr'><strong><em>εάχερίς</em></strong></span> <span class='ocrx_word' id='word_1_33' title='bbox 921 783 958 876; x_wconf 82' lang='grc' dir='ltr'>ἦν</span> <span class='ocrx_word' id='word_1_34' title='bbox 973 791 1008 858; x_wconf 80' lang='grc' dir='ltr'><strong><em>τὸ</em></strong></span> <span class='ocrx_word' id='word_1_35' title='bbox 1024 797 1202 874; x_wconf 79' lang='grc' dir='ltr'><strong><em>τηνικαῶτα,</em></strong></span> <span class='ocrx_word' id='word_1_36' title='bbox 1225 799 1286 858; x_wconf 88' lang='grc' dir='ltr'>τῶν</span> <span class='ocrx_word' id='word_1_37' title='bbox 1299 800 1393 877; x_wconf 78' lang='grc' dir='ltr'><strong><em>βασι-</em></strong></span> 
     </span>
     <span class='ocr_line' id='line_1_6' title="bbox 302 891 1419 984; baseline 0 -24"><span class='ocrx_word' id='word_1_38' title='bbox 302 893 377 960; x_wconf 81' lang='grc' dir='ltr'><strong><em>λίων</em></strong></span> <span class='ocrx_word' id='word_1_39' title='bbox 391 891 456 977; x_wconf 82' lang='grc' dir='ltr'>ἅμα</span> <span class='ocrx_word' id='word_1_40' title='bbox 470 899 509 981; x_wconf 82' lang='grc' dir='ltr'><strong><em>τῇ</em></strong></span> <span class='ocrx_word' id='word_1_41' title='bbox 522 899 623 982; x_wconf 81' lang='grc' dir='ltr'><strong><em>βουλῇ</em></strong></span> <span class='ocrx_word' id='word_1_42' title='bbox 636 897 722 974; x_wconf 80' lang='grc' dir='ltr'><strong><em>δίνας</em></strong></span> <span class='ocrx_word' id='word_1_43' title='bbox 738 895 951 982; x_wconf 75' lang='grc' dir='ltr'><em>ἀκροωμένων,</em></span> <span class='ocrx_word' id='word_1_44' title='bbox 975 905 1040 971; x_wconf 78' lang='grc' dir='ltr'><strong><em>τοῖς</em></strong></span> <span class='ocrx_word' id='word_1_45' title='bbox 1052 891 1150 960; x_wconf 88' lang='grc' dir='ltr'><strong><em>πάντα</em></strong></span> <span class='ocrx_word' id='word_1_46' title='bbox 1166 895 1300 984; x_wconf 76' lang='grc' dir='ltr'><strong><em>ἀρίστοις</em></strong></span> <span class='ocrx_word' id='word_1_47' title='bbox 1311 893 1419 982; x_wconf 72' lang='lat' dir='ltr'>cinq-5</span> 
     </span>
     <span class='ocr_line' id='line_1_7' title="bbox 301 995 1395 1090; baseline 0.002 -28"><span class='ocrx_word' id='word_1_48' title='bbox 301 1005 410 1084; x_wconf 81' lang='grc' dir='ltr'><strong><em>ρετεῖν·</em></strong></span> <span class='ocrx_word' id='word_1_49' title='bbox 436 995 512 1062; x_wconf 88' lang='grc' dir='ltr'><strong><em>ῶστε</em></strong></span> <span class='ocrx_word' id='word_1_50' title='bbox 532 999 584 1062; x_wconf 79' lang='grc' dir='ltr'>καί</span> <span class='ocrx_word' id='word_1_51' title='bbox 604 999 813 1064; x_wconf 80' lang='grc' dir='ltr'><strong><em>πεντεκαίδεκα</em></strong></span> <span class='ocrx_word' id='word_1_52' title='bbox 830 1001 862 1075; x_wconf 73' lang='grc' dir='ltr'>ἐξ</span> <span class='ocrx_word' id='word_1_53' title='bbox 880 997 979 1064; x_wconf 78' lang='grc' dir='ltr'><strong><em>οὔτῶν</em></strong></span> <span class='ocrx_word' id='word_1_54' title='bbox 997 1003 1058 1063; x_wconf 85' lang='grc' dir='ltr'>τῶν</span> <span class='ocrx_word' id='word_1_55' title='bbox 1074 997 1290 1084; x_wconf 83' lang='grc' dir='ltr'><strong><em>πιπανωτίρων</em></strong></span> <span class='ocrx_word' id='word_1_56' title='bbox 1304 1001 1395 1090; x_wconf 80' lang='grc' dir='ltr'><strong><em>πείρρ</em></strong></span> 
     </span>
     <span class='ocr_line' id='line_1_8' title="bbox 301 1095 1395 1190; baseline 0.001 -24"><span class='ocrx_word' id='word_1_57' title='bbox 301 1125 333 1166; x_wconf 86' lang='grc' dir='ltr'>τε</span> <span class='ocrx_word' id='word_1_58' title='bbox 360 1100 413 1164; x_wconf 79' lang='lat' dir='ltr'>aui</span> <span class='ocrx_word' id='word_1_59' title='bbox 437 1104 482 1187; x_wconf 74' lang='grc' dir='ltr'><strong><em>τρλ</em></strong></span> <span class='ocrx_word' id='word_1_60' title='bbox 502 1095 605 1190; x_wconf 77' lang='grc' dir='ltr'><strong><em>χρόνῳ</em></strong></span> <span class='ocrx_word' id='word_1_61' title='bbox 630 1097 807 1189; x_wconf 78' lang='grc' dir='ltr'><strong><em>κρειττόνων</em></strong></span> <span class='ocrx_word' id='word_1_62' title='bbox 829 1100 905 1190; x_wconf 84' lang='grc' dir='ltr'><strong><em>πρός</em></strong></span> <span class='ocrx_word' id='word_1_63' title='bbox 928 1097 1109 1190; x_wconf 72' lang='grc' dir='ltr'><strong><em>ὑπογραφὴν</em></strong></span> <span class='ocrx_word' id='word_1_64' title='bbox 1131 1109 1195 1178; x_wconf 77' lang='grc' dir='ltr'><strong><em>τοῖς</em></strong></span> <span class='ocrx_word' id='word_1_65' title='bbox 1217 1107 1395 1182; x_wconf 73' lang='grc' dir='ltr'><strong><em>βασιλεῦσιν</em></strong></span> 
     </span>
     <span class='ocr_line' id='line_1_9' title="bbox 300 1199 1395 1292; baseline 0.003 -25"><span class='ocrx_word' id='word_1_66' title='bbox 300 1203 530 1292; x_wconf 83' lang='grc' dir='ltr'><strong><em>άφορισθῆναι,</em></strong></span> <span class='ocrx_word' id='word_1_67' title='bbox 564 1199 618 1281; x_wconf 78' lang='grc' dir='ltr'><strong><em>οὓς</em></strong></span> <span class='ocrx_word' id='word_1_68' title='bbox 639 1201 682 1269; x_wconf 74' lang='grc' dir='ltr'><strong><em>ἴτι</em></strong></span> <span class='ocrx_word' id='word_1_69' title='bbox 707 1206 759 1269; x_wconf 77' lang='grc' dir='ltr'>καί</span> <span class='ocrx_word' id='word_1_70' title='bbox 782 1210 836 1270; x_wconf 81' lang='grc' dir='ltr'>νῶν</span> <span class='ocrx_word' id='word_1_71' title='bbox 859 1201 1068 1290; x_wconf 79' lang='grc' dir='ltr'><strong><em>άηπουτάτοος</em></strong></span> <span class='ocrx_word' id='word_1_72' title='bbox 1091 1199 1251 1282; x_wconf 77' lang='grc' dir='ltr'><strong><em>καλοῦσα,</em></strong></span> <span class='ocrx_word' id='word_1_73' title='bbox 1284 1201 1319 1269; x_wconf 69' lang='lat' dir='ltr'>oi*</span> <span class='ocrx_word' id='word_1_74' title='bbox 1337 1209 1395 1270; x_wconf 79' lang='grc' dir='ltr'>ταῶ</span> 
     </span>
     <span class='ocr_line' id='line_1_10' title="bbox 299 1297 1395 1396; baseline -0.001 -23"><span class='ocrx_word' id='word_1_75' title='bbox 299 1301 454 1391; x_wconf 77' lang='grc' dir='ltr'><strong><em>τάγματος</em></strong></span> <span class='ocrx_word' id='word_1_76' title='bbox 473 1311 534 1370; x_wconf 91' lang='grc' dir='ltr'>τῶν</span> <span class='ocrx_word' id='word_1_77' title='bbox 555 1306 794 1392; x_wconf 75' lang='grc' dir='ltr'><strong><em>Αυγουσταλίων</em></strong></span> <span class='ocrx_word' id='word_1_78' title='bbox 810 1304 1029 1396; x_wconf 73' lang='grc' dir='ltr'><strong><em>πρωτεύουσιν·</em></strong></span> <span class='ocrx_word' id='word_1_79' title='bbox 1055 1303 1139 1372; x_wconf 70' lang='lat' dir='ltr'>oium</span> <span class='ocrx_word' id='word_1_80' title='bbox 1154 1305 1211 1394; x_wconf 86' lang='grc' dir='ltr'>γάρ</span> <span class='ocrx_word' id='word_1_81' title='bbox 1228 1297 1315 1392; x_wconf 80' lang='grc' dir='ltr'><strong><em>ἦντὸ</em></strong></span> <span class='ocrx_word' id='word_1_82' title='bbox 1332 1312 1395 1372; x_wconf 89' lang='grc' dir='ltr'>τῶν</span> 
     </span>
     <span class='ocr_line' id='line_1_11' title="bbox 300 1405 1435 1498; baseline -0.001 -23"><span class='ocrx_word' id='word_1_83' title='bbox 300 1405 370 1498; x_wconf 83' lang='grc' dir='ltr'><strong><em>άρτι</em></strong></span> <span class='ocrx_word' id='word_1_84' title='bbox 392 1408 612 1496; x_wconf 79' lang='grc' dir='ltr'><strong><em>παραφυάντων</em></strong></span> <span class='ocrx_word' id='word_1_85' title='bbox 631 1407 795 1496; x_wconf 80' lang='grc' dir='ltr'><strong><em>άσιμιρήτις</em></strong></span> <span class='ocrx_word' id='word_1_86' title='bbox 815 1407 911 1493; x_wconf 76' lang='grc' dir='ltr'><strong><em>ὄνομα</em></strong></span> <span class='ocrx_word' id='word_1_87' title='bbox 917 1458 927 1490; x_wconf 95' lang='grc'><strong><em>,</em></strong></span> <span class='ocrx_word' id='word_1_88' title='bbox 951 1411 1081 1498; x_wconf 87' lang='grc' dir='ltr'><strong><em>μετρίων</em></strong></span> <span class='ocrx_word' id='word_1_89' title='bbox 1099 1407 1222 1498; x_wconf 77' lang='grc' dir='ltr'><strong><em>σφόδρα</em></strong></span> <span class='ocrx_word' id='word_1_90' title='bbox 1238 1414 1300 1475; x_wconf 91' lang='grc' dir='ltr'>τῶν</span> <span class='ocrx_word' id='word_1_91' title='bbox 1312 1421 1435 1498; x_wconf 77' lang='grc' dir='ltr'><strong><em>χρη-10</em></strong></span> 
     </span>
     <span class='ocr_line' id='line_1_12' title="bbox 299 1508 1395 1600; baseline 0 -22"><span class='ocrx_word' id='word_1_92' title='bbox 299 1517 437 1596; x_wconf 78' lang='grc' dir='ltr'><strong><em>μανικῶν</em></strong></span> <span class='ocrx_word' id='word_1_93' title='bbox 457 1508 607 1596; x_wconf 80' lang='grc' dir='ltr'><strong><em>ζητήσεων</em></strong></span> <span class='ocrx_word' id='word_1_94' title='bbox 628 1511 742 1592; x_wconf 78' lang='grc' dir='ltr'><strong><em>οάσῶν,</em></strong></span> <span class='ocrx_word' id='word_1_95' title='bbox 763 1518 824 1578; x_wconf 89' lang='grc' dir='ltr'>τῶν</span> <span class='ocrx_word' id='word_1_96' title='bbox 838 1514 896 1596; x_wconf 72' lang='grc' dir='ltr'>μὲν</span> <span class='ocrx_word' id='word_1_97' title='bbox 912 1511 1085 1600; x_wconf 77' lang='grc' dir='ltr'><strong><em>ἴμπροσθεν</em></strong></span> <span class='ocrx_word' id='word_1_98' title='bbox 1097 1513 1247 1595; x_wconf 65' lang='grc' dir='ltr'><strong><em>βασιλείων</em></strong></span> <span class='ocrx_word' id='word_1_99' title='bbox 1261 1514 1309 1578; x_wconf 74' lang='grc' dir='ltr'>ἐπὶ</span> <span class='ocrx_word' id='word_1_100' title='bbox 1322 1511 1395 1590; x_wconf 71' lang='lat' dir='ltr'>coir</span> 
     </span>
     <span class='ocr_line' id='line_1_13' title="bbox 301 1611 1394 1704; baseline 0.001 -25"><span class='ocrx_word' id='word_1_101' title='bbox 301 1617 451 1699; x_wconf 68' lang='grc' dir='ltr'><strong><em>πολέμους</em></strong></span> <span class='ocrx_word' id='word_1_102' title='bbox 465 1611 630 1702; x_wconf 74' lang='grc' dir='ltr'><strong><em>ὁρμώντων</em></strong></span> <span class='ocrx_word' id='word_1_103' title='bbox 635 1663 646 1695; x_wconf 90' lang='grc'><strong><em>,</em></strong></span> <span class='ocrx_word' id='word_1_104' title='bbox 672 1617 796 1682; x_wconf 75' lang='grc' dir='ltr'><strong><em>καὶτῶν</em></strong></span> <span class='ocrx_word' id='word_1_105' title='bbox 809 1614 866 1694; x_wconf 84' lang='grc' dir='ltr'>τάς</span> <span class='ocrx_word' id='word_1_106' title='bbox 879 1617 1025 1704; x_wconf 67' lang='grc' dir='ltr'><strong><em>ἐπαρχίας</em></strong></span> <span class='ocrx_word' id='word_1_107' title='bbox 1035 1613 1202 1682; x_wconf 80' lang='grc' dir='ltr'><strong><em>ίθονάντων</em></strong></span> <span class='ocrx_word' id='word_1_108' title='bbox 1213 1624 1278 1693; x_wconf 80' lang='grc' dir='ltr'><strong><em>τοῖς</em></strong></span> <span class='ocrx_word' id='word_1_109' title='bbox 1290 1613 1394 1699; x_wconf 87' lang='grc' dir='ltr'><strong><em>νάμοις</em></strong></span> 
     </span>
     <span class='ocr_line' id='line_1_14' title="bbox 301 1715 1394 1810; baseline 0.001 -27"><span class='ocrx_word' id='word_1_110' title='bbox 301 1717 375 1784; x_wconf 77' lang='grc' dir='ltr'><strong><em>ἀλλ’</em></strong></span> <span class='ocrx_word' id='word_1_111' title='bbox 391 1717 427 1783; x_wconf 79' lang='grc' dir='ltr'>οὗ</span> <span class='ocrx_word' id='word_1_112' title='bbox 441 1727 509 1794; x_wconf 76' lang='grc' dir='ltr'><strong><em>ταῖς</em></strong></span> <span class='ocrx_word' id='word_1_113' title='bbox 521 1723 648 1798; x_wconf 81' lang='grc' dir='ltr'><strong><em>κλοπαῖς</em></strong></span> <span class='ocrx_word' id='word_1_114' title='bbox 661 1715 983 1806; x_wconf 87' lang='grc' dir='ltr'><strong><em>προσαγρυπνοάντων.</em></strong></span> <span class='ocrx_word' id='word_1_115' title='bbox 1033 1726 1077 1810; x_wconf 78' lang='grc' dir='ltr'><strong><em>τῶ</em></strong></span> <span class='ocrx_word' id='word_1_116' title='bbox 1099 1719 1132 1784; x_wconf 75' lang='lat' dir='ltr'>(ii</span> <span class='ocrx_word' id='word_1_117' title='bbox 1148 1715 1317 1802; x_wconf 80' lang='grc' dir='ltr'><strong><em>συστήματι</em></strong></span> <span class='ocrx_word' id='word_1_118' title='bbox 1333 1726 1394 1784; x_wconf 87' lang='grc' dir='ltr'>τῶν</span> 
     </span>
     <span class='ocr_line' id='line_1_15' title="bbox 302 1819 1393 1910; baseline -0.001 -23"><span class='ocrx_word' id='word_1_119' title='bbox 302 1821 465 1910; x_wconf 84' lang='grc' dir='ltr'><strong><em>είρημίνων</em></strong></span> <span class='ocrx_word' id='word_1_120' title='bbox 476 1819 637 1908; x_wconf 84' lang='grc' dir='ltr'><strong><em>τριάκοντα</em></strong></span> <span class='ocrx_word' id='word_1_121' title='bbox 651 1821 771 1908; x_wconf 76' lang='grc' dir='ltr'><strong><em>ἀνδρῶν</em></strong></span> <span class='ocrx_word' id='word_1_122' title='bbox 784 1821 912 1905; x_wconf 79' lang='grc' dir='ltr'><strong><em>τὴντῶν</em></strong></span> <span class='ocrx_word' id='word_1_123' title='bbox 921 1819 1186 1906; x_wconf 78' lang='grc' dir='ltr'><strong><em>Αὖγονσταλίωνὸ</em></strong></span> <span class='ocrx_word' id='word_1_124' title='bbox 1200 1819 1292 1904; x_wconf 88' lang='grc' dir='ltr'><strong><em>νάμος</em></strong></span> <span class='ocrx_word' id='word_1_125' title='bbox 1305 1820 1393 1888; x_wconf 73' lang='grc' dir='ltr'><strong><em>ἔθετο</em></strong></span> 
     </span>
     <span class='ocr_line' id='line_1_16' title="bbox 300 1921 1432 2012; baseline -0.002 -24"><span class='ocrx_word' id='word_1_126' title='bbox 300 1925 521 2011; x_wconf 77' lang='grc' dir='ltr'><strong><em>προσηγορίαν,</em></strong></span> <span class='ocrx_word' id='word_1_127' title='bbox 541 1925 577 1989; x_wconf 81' lang='grc' dir='ltr'>οὗ</span> <span class='ocrx_word' id='word_1_128' title='bbox 592 1925 697 2006; x_wconf 85' lang='grc' dir='ltr'><strong><em>καινὴν</em></strong></span> <span class='ocrx_word' id='word_1_129' title='bbox 712 1923 783 1990; x_wconf 73' lang='grc' dir='ltr'>οὐδὲ</span> <span class='ocrx_word' id='word_1_130' title='bbox 797 1921 975 2012; x_wconf 82' lang='grc' dir='ltr'><strong><em>πρόσφατον</em></strong></span> <span class='ocrx_word' id='word_1_131' title='bbox 982 1971 992 2002; x_wconf 91' lang='grc'><strong><em>,</em></strong></span> <span class='ocrx_word' id='word_1_132' title='bbox 1010 1924 1066 2008; x_wconf 79' lang='grc' dir='ltr'>τὴν</span> <span class='ocrx_word' id='word_1_133' title='bbox 1082 1925 1115 1990; x_wconf 73' lang='grc' dir='ltr'>δὲ</span> <span class='ocrx_word' id='word_1_134' title='bbox 1129 1931 1183 1990; x_wconf 76' lang='lat' dir='ltr'>coi</span> <span class='ocrx_word' id='word_1_135' title='bbox 1198 1922 1320 2011; x_wconf 84' lang='grc' dir='ltr'><strong><em>πρῶτον</em></strong></span> <span class='ocrx_word' id='word_1_136' title='bbox 1332 1931 1393 1990; x_wconf 90' lang='grc' dir='ltr'>τῶν</span> <span class='ocrx_word' id='word_1_137' title='bbox 1402 1931 1432 1986; x_wconf 79' lang='lat'>1⁵</span> 
     </span>
     <span class='ocr_line' id='line_1_17' title="bbox 298 2023 1394 2115; baseline 0 -23"><span class='ocrx_word' id='word_1_138' title='bbox 298 2029 449 2110; x_wconf 77' lang='grc' dir='ltr'><strong><em>βασιλέων</em></strong></span> <span class='ocrx_word' id='word_1_139' title='bbox 472 2025 638 2108; x_wconf 80' lang='grc' dir='ltr'><strong><em>ὀνομασίαν</em></strong></span> <span class='ocrx_word' id='word_1_140' title='bbox 660 2025 937 2110; x_wconf 70' lang='grc' dir='ltr'><strong><em>ἀνακαλεσάμενος,</em></strong></span> <span class='ocrx_word' id='word_1_141' title='bbox 969 2023 1011 2104; x_wconf 88' lang='grc' dir='ltr'><strong><em>ῶς</em></strong></span> <span class='ocrx_word' id='word_1_142' title='bbox 1030 2025 1175 2105; x_wconf 79' lang='grc' dir='ltr'><strong><em>πολλάκις</em></strong></span> <span class='ocrx_word' id='word_1_143' title='bbox 1196 2027 1332 2115; x_wconf 66' lang='grc' dir='ltr'><strong><em>ἔφαμεν,</em></strong></span> <span class='ocrx_word' id='word_1_144' title='bbox 1360 2025 1394 2104; x_wconf 75' lang='grc' dir='ltr'><strong><em>ὃς</em></strong></span> 
     </span>
     <span class='ocr_line' id='line_1_18' title="bbox 300 2126 1391 2218; baseline 0.002 -26"><span class='ocrx_word' id='word_1_145' title='bbox 300 2133 420 2216; x_wconf 88' lang='grc' dir='ltr'><strong><em>πρῶτος</em></strong></span> <span class='ocrx_word' id='word_1_146' title='bbox 441 2129 496 2210; x_wconf 78' lang='grc' dir='ltr'>τὴν</span> <span class='ocrx_word' id='word_1_147' title='bbox 518 2126 708 2215; x_wconf 74' lang='grc' dir='ltr'><strong><em>ἓπαρχάτητα</em></strong></span> <span class='ocrx_word' id='word_1_148' title='bbox 727 2127 954 2213; x_wconf 80' lang='grc' dir='ltr'><strong><em>συστησάμενος</em></strong></span> <span class='ocrx_word' id='word_1_149' title='bbox 970 2135 1030 2194; x_wconf 89' lang='grc' dir='ltr'>τῶν</span> <span class='ocrx_word' id='word_1_150' title='bbox 1046 2131 1237 2218; x_wconf 88' lang='grc' dir='ltr'><strong><em>πραιτωρίιον</em></strong></span> <span class='ocrx_word' id='word_1_151' title='bbox 1251 2130 1323 2207; x_wconf 76' lang='grc' dir='ltr'><strong><em>τοῦς</em></strong></span> <span class='ocrx_word' id='word_1_152' title='bbox 1335 2127 1391 2195; x_wconf 73' lang='grc' dir='ltr'>ὑπ’</span> 
     </span>
     <span class='ocr_line' id='line_1_19' title="bbox 300 2230 1392 2322; baseline 0.003 -27"><span class='ocrx_word' id='word_1_153' title='bbox 300 2231 380 2318; x_wconf 73' lang='grc' dir='ltr'><strong><em>αὐτῇ</em></strong></span> <span class='ocrx_word' id='word_1_154' title='bbox 397 2237 557 2308; x_wconf 80' lang='grc' dir='ltr'><strong><em>τελοῦντας</em></strong></span> <span class='ocrx_word' id='word_1_155' title='bbox 570 2230 820 2317; x_wconf 77' lang='grc' dir='ltr'><strong><em>Αὖγουσταλίους</em></strong></span> <span class='ocrx_word' id='word_1_156' title='bbox 834 2233 866 2298; x_wconf 72' lang='grc' dir='ltr'><strong><em>ἓν</em></strong></span> <span class='ocrx_word' id='word_1_157' title='bbox 881 2240 936 2317; x_wconf 79' lang='grc' dir='ltr'>τῆς</span> <span class='ocrx_word' id='word_1_158' title='bbox 950 2234 1060 2312; x_wconf 82' lang='grc' dir='ltr'><strong><em>οίιιείας</em></strong></span> <span class='ocrx_word' id='word_1_159' title='bbox 1073 2235 1278 2322; x_wconf 82' lang='grc' dir='ltr'><strong><em>προσηγορίας</em></strong></span> <span class='ocrx_word' id='word_1_160' title='bbox 1294 2239 1392 2298; x_wconf 77' lang='grc' dir='ltr'><strong><em>καλεῖ·</em></strong></span> 
     </span>
     <span class='ocr_line' id='line_1_20' title="bbox 299 2330 545 2420; baseline -0.012 -20"><span class='ocrx_word' id='word_1_161' title='bbox 299 2338 378 2400; x_wconf 88' lang='grc' dir='ltr'><strong><em>σθαι</em></strong></span> <span class='ocrx_word' id='word_1_162' title='bbox 397 2330 545 2420; x_wconf 80' lang='grc' dir='ltr'><strong><em>διῶρισεν.</em></strong></span> 
     </span>
    </p>

    <p class='ocr_par' dir='ltr' id='par_1_3' title="bbox 257 2432 1430 2834">
     <span class='ocr_line' id='line_1_21' title="bbox 379 2432 1430 2522; baseline -0.006 -16"><span class='ocrx_word' id='word_1_163' title='bbox 379 2482 382 2490; x_wconf 91' lang='lat'>·</span> <span class='ocrx_word' id='word_1_164' title='bbox 405 2436 461 2509; x_wconf 84' lang='lat'>11·</span> <span class='ocrx_word' id='word_1_165' title='bbox 513 2441 585 2502; x_wconf 90' lang='grc' dir='ltr'>Τῶν</span> <span class='ocrx_word' id='word_1_166' title='bbox 610 2436 772 2516; x_wconf 80' lang='grc' dir='ltr'><strong><em>πλείστων,</em></strong></span> <span class='ocrx_word' id='word_1_167' title='bbox 799 2432 878 2522; x_wconf 90' lang='grc' dir='ltr'><strong><em>τάχα</em></strong></span> <span class='ocrx_word' id='word_1_168' title='bbox 902 2437 937 2504; x_wconf 75' lang='lat' dir='ltr'>ti</span> <span class='ocrx_word' id='word_1_169' title='bbox 958 2434 1078 2505; x_wconf 88' lang='grc' dir='ltr'><strong><em>πάντων</em></strong></span> <span class='ocrx_word' id='word_1_170' title='bbox 1099 2443 1159 2504; x_wconf 89' lang='grc' dir='ltr'>τῶν</span> <span class='ocrx_word' id='word_1_171' title='bbox 1178 2437 1268 2520; x_wconf 78' lang='grc' dir='ltr'><strong><em>ίχνῶν</em></strong></span> <span class='ocrx_word' id='word_1_172' title='bbox 1281 2433 1430 2501; x_wconf 69' lang='lat' dir='ltr'>incia-20</span> 
     </span>
     <span class='ocr_line' id='line_1_22' title="bbox 301 2537 1391 2628; baseline -0.001 -23"><span class='ocrx_word' id='word_1_173' title='bbox 301 2540 417 2627; x_wconf 76' lang='grc' dir='ltr'><strong><em>ρίιτων</em></strong></span> <span class='ocrx_word' id='word_1_174' title='bbox 433 2545 489 2624; x_wconf 81' lang='grc' dir='ltr'>τῆς</span> <span class='ocrx_word' id='word_1_175' title='bbox 507 2537 659 2628; x_wconf 73' lang='grc' dir='ltr'><strong><em>ἴμρρονος</em></strong></span> <span class='ocrx_word' id='word_1_176' title='bbox 679 2537 896 2626; x_wconf 79' lang='grc' dir='ltr'><strong><em>παλαιότητος,</em></strong></span> <span class='ocrx_word' id='word_1_177' title='bbox 922 2541 978 2620; x_wconf 78' lang='grc' dir='ltr'><strong><em>οὖν</em></strong></span> <span class='ocrx_word' id='word_1_178' title='bbox 997 2539 1056 2619; x_wconf 74' lang='grc' dir='ltr'>ἴξω</span> <span class='ocrx_word' id='word_1_179' title='bbox 1071 2538 1219 2628; x_wconf 83' lang='grc' dir='ltr'>Ιάοιιιράων</span> <span class='ocrx_word' id='word_1_180' title='bbox 1234 2565 1279 2616; x_wconf 90' lang='grc' dir='ltr'>τις</span> <span class='ocrx_word' id='word_1_181' title='bbox 1291 2541 1391 2604; x_wconf 83' lang='grc' dir='ltr'><strong><em>διατε-</em></strong></span> 
     </span>
     <span class='ocr_line' id='line_1_23' title="bbox 301 2639 1391 2729; baseline -0.001 -22"><span class='ocrx_word' id='word_1_182' title='bbox 301 2648 362 2708; x_wconf 91' lang='grc' dir='ltr'>λῶν</span> <span class='ocrx_word' id='word_1_183' title='bbox 385 2640 540 2728; x_wconf 70' lang='grc' dir='ltr'><strong><em>ὑπομείναι</em></strong></span> <span class='ocrx_word' id='word_1_184' title='bbox 547 2691 557 2720; x_wconf 94' lang='grc'><strong><em>,</em></strong></span> <span class='ocrx_word' id='word_1_185' title='bbox 582 2639 754 2729; x_wconf 77' lang='grc' dir='ltr'><strong><em>γιγνῶσκον</em></strong></span> <span class='ocrx_word' id='word_1_186' title='bbox 779 2645 812 2708; x_wconf 78' lang='lat' dir='ltr'>ia</span> <span class='ocrx_word' id='word_1_187' title='bbox 837 2649 898 2710; x_wconf 89' lang='grc' dir='ltr'>τῶν</span> <span class='ocrx_word' id='word_1_188' title='bbox 921 2641 1123 2725; x_wconf 76' lang='grc' dir='ltr'><strong><em>ὕπωιειμίνων</em></strong></span> <span class='ocrx_word' id='word_1_189' title='bbox 1142 2643 1225 2719; x_wconf 79' lang='grc' dir='ltr'><strong><em>ὃπως</em></strong></span> <span class='ocrx_word' id='word_1_190' title='bbox 1246 2642 1391 2724; x_wconf 73' lang='grc' dir='ltr'><strong><em>ἀντείχετο</em></strong></span> 
     </span>
     <span class='ocr_line' id='line_1_24' title="bbox 257 2733 1391 2834; baseline 0.002 -24"><span class='ocrx_word' id='word_1_191' title='bbox 257 2733 262 2750; x_wconf 65' lang='grc'>’</span> <span class='ocrx_word' id='word_1_192' title='bbox 302 2748 372 2833; x_wconf 73' lang='grc' dir='ltr'><strong><em>πρὶν</em></strong></span> <span class='ocrx_word' id='word_1_193' title='bbox 390 2744 407 2812; x_wconf 82' lang='grc' dir='ltr'>ὁ</span> <span class='ocrx_word' id='word_1_194' title='bbox 422 2743 515 2829; x_wconf 89' lang='grc' dir='ltr'><strong><em>νάμος</em></strong></span> <span class='ocrx_word' id='word_1_195' title='bbox 531 2753 585 2831; x_wconf 80' lang='grc' dir='ltr'>τῆς</span> <span class='ocrx_word' id='word_1_196' title='bbox 599 2751 659 2813; x_wconf 92' lang='grc' dir='ltr'>τῶν</span> <span class='ocrx_word' id='word_1_197' title='bbox 674 2741 816 2829; x_wconf 73' lang='lat' dir='ltr'>inquiror</span> <span class='ocrx_word' id='word_1_198' title='bbox 831 2747 1021 2834; x_wconf 69' lang='grc' dir='ltr'><strong><em>ἐλευθερίας,</em></strong></span> <span class='ocrx_word' id='word_1_199' title='bbox 1043 2747 1094 2811; x_wconf 80' lang='grc' dir='ltr'><strong><em>καὶ</em></strong></span> <span class='ocrx_word' id='word_1_200' title='bbox 1116 2742 1196 2814; x_wconf 75' lang='grc' dir='ltr'><strong><em>ὅσων</em></strong></span> <span class='ocrx_word' id='word_1_201' title='bbox 1219 2744 1298 2810; x_wconf 81' lang='grc' dir='ltr'><strong><em>κατά</em></strong></span> <span class='ocrx_word' id='word_1_202' title='bbox 1321 2769 1391 2828; x_wconf 88' lang='grc' dir='ltr'><strong><em>σμι-</em></strong></span> 
     </span>
    </p>
   </div>
   <div class='ocr_carea' id='block_1_3' title="bbox 368 2949 1391 3098">
    <p class='ocr_par' dir='ltr' id='par_1_4' title="bbox 368 2949 1391 3098">
     <span class='ocr_line' id='line_1_25' title="bbox 370 2949 1391 3025; baseline -0.003 -13"><span class='ocrx_word' id='word_1_203' title='bbox 370 2957 384 3012; x_wconf 90' lang='grc'>1</span> <span class='ocrx_word' id='word_1_204' title='bbox 411 2951 523 3022; x_wconf 65' lang='lat' dir='ltr'>lustror</span> <span class='ocrx_word' id='word_1_205' title='bbox 536 2958 571 3011; x_wconf 83' lang='lat' dir='ltr'>c.</span> <span class='ocrx_word' id='word_1_206' title='bbox 707 2956 724 3012; x_wconf 81' lang='lat'>5</span> <span class='ocrx_word' id='word_1_207' title='bbox 748 2953 941 3022; x_wconf 65' lang='lat' dir='ltr'>cuicuinus</span> <span class='ocrx_word' id='word_1_208' title='bbox 956 2949 1087 3025; x_wconf 58' lang='lat' dir='ltr'>&amp;placor</span> <span class='ocrx_word' id='word_1_209' title='bbox 1103 2957 1137 3010; x_wconf 79' lang='lat' dir='ltr'>C.</span> <span class='ocrx_word' id='word_1_210' title='bbox 1276 2957 1310 3014; x_wconf 87' lang='grc'>16</span> <span class='ocrx_word' id='word_1_211' title='bbox 1326 2952 1343 3012; x_wconf 82' lang='grc' dir='ltr'><strong><em>ά</em></strong></span> <span class='ocrx_word' id='word_1_212' title='bbox 1360 2955 1391 3010; x_wconf 78' lang='lat' dir='ltr'>C.</span> 
     </span>
     <span class='ocr_line' id='line_1_26' title="bbox 368 3020 1312 3098; baseline 0 -18"><span class='ocrx_word' id='word_1_213' title='bbox 368 3027 405 3081; x_wconf 74' lang='lat'>20</span> <span class='ocrx_word' id='word_1_214' title='bbox 419 3020 634 3097; x_wconf 78' lang='grc' dir='ltr'><strong><em>άααλοιφάνταν</em></strong></span> <span class='ocrx_word' id='word_1_215' title='bbox 647 3025 735 3096; x_wconf 74' lang='lat' dir='ltr'>volgo.</span> <span class='ocrx_word' id='word_1_216' title='bbox 837 3029 872 3083; x_wconf 84' lang='lat'>21</span> <span class='ocrx_word' id='word_1_217' title='bbox 888 3027 948 3098; x_wconf 71' lang='lat' dir='ltr'>lego</span> <span class='ocrx_word' id='word_1_218' title='bbox 966 3023 1261 3096; x_wconf 60' lang='lat' dir='ltr'>amministratum.</span> <span class='ocrx_word' id='word_1_219' title='bbox 1277 3029 1312 3082; x_wconf 74' lang='lat' dir='ltr'>p,</span> 
     </span>
    </p>
   </div>
   <div class='ocr_carea' id='block_1_4' title="bbox 292 3211 1432 3918">
    <p class='ocr_par' dir='ltr' id='par_1_5' title="bbox 292 3211 1432 3918">
     <span class='ocr_line' id='line_1_27' title="bbox 300 3211 1392 3286; baseline -0.004 -17"><span class='ocrx_word' id='word_1_220' title='bbox 300 3213 414 3269; x_wconf 75' lang='lat' dir='ltr'>Arcadio</span> <span class='ocrx_word' id='word_1_221' title='bbox 428 3214 498 3282; x_wconf 87' lang='lat' dir='ltr'>lats,</span> <span class='ocrx_word' id='word_1_222' title='bbox 520 3213 643 3270; x_wconf 88' lang='lat' dir='ltr'>sanciens</span> <span class='ocrx_word' id='word_1_223' title='bbox 658 3221 688 3268; x_wconf 86' lang='lat' dir='ltr'>ut</span> <span class='ocrx_word' id='word_1_224' title='bbox 704 3213 836 3286; x_wconf 84' lang='lat' dir='ltr'>peculiare</span> <span class='ocrx_word' id='word_1_225' title='bbox 852 3231 884 3268; x_wconf 89' lang='lat' dir='ltr'>ac</span> <span class='ocrx_word' id='word_1_226' title='bbox 902 3231 1010 3285; x_wconf 91' lang='lat' dir='ltr'>prorsus</span> <span class='ocrx_word' id='word_1_227' title='bbox 1026 3218 1174 3284; x_wconf 78' lang='lat' dir='ltr'>separatum</span> <span class='ocrx_word' id='word_1_228' title='bbox 1192 3211 1327 3284; x_wconf 72' lang='lat' dir='ltr'>collegium</span> <span class='ocrx_word' id='word_1_229' title='bbox 1344 3211 1392 3266; x_wconf 82' lang='lat' dir='ltr'>tri-</span> 
     </span>
     <span class='ocr_line' id='line_1_28' title="bbox 319 3281 1390 3354; baseline -0.004 -17"><span class='ocrx_word' id='word_1_230' title='bbox 319 3285 372 3337; x_wconf 83' lang='lat' dir='ltr'>&#39;nte</span> <span class='ocrx_word' id='word_1_231' title='bbox 390 3300 495 3336; x_wconf 92' lang='lat' dir='ltr'>numero</span> <span class='ocrx_word' id='word_1_232' title='bbox 510 3284 640 3348; x_wconf 85' lang='lat' dir='ltr'>virorum,</span> <span class='ocrx_word' id='word_1_233' title='bbox 660 3283 706 3354; x_wconf 88' lang='lat' dir='ltr'>qui</span> <span class='ocrx_word' id='word_1_234' title='bbox 721 3283 771 3336; x_wconf 86' lang='lat' dir='ltr'>iam</span> <span class='ocrx_word' id='word_1_235' title='bbox 786 3292 863 3338; x_wconf 87' lang='lat' dir='ltr'>antea</span> <span class='ocrx_word' id='word_1_236' title='bbox 875 3283 946 3336; x_wconf 90' lang='lat' dir='ltr'>inter</span> <span class='ocrx_word' id='word_1_237' title='bbox 959 3283 1092 3337; x_wconf 86' lang='lat' dir='ltr'>adiutores</span> <span class='ocrx_word' id='word_1_238' title='bbox 1107 3281 1293 3348; x_wconf 89' lang='lat' dir='ltr'>eminuisaeut,</span> <span class='ocrx_word' id='word_1_239' title='bbox 1315 3298 1390 3352; x_wconf 88' lang='lat' dir='ltr'>prse-</span> 
     </span>
     <span class='ocr_line' id='line_1_29' title="bbox 299 3303 1392 3423; baseline -0.005 -17"><span class='ocrx_word' id='word_1_240' title='bbox 299 3303 327 3406; x_wconf 53' lang='grc' dir='ltr'>ξι</span> <span class='ocrx_word' id='word_1_241' title='bbox 422 3351 591 3406; x_wconf 87' lang='lat' dir='ltr'>ministerium</span> <span class='ocrx_word' id='word_1_242' title='bbox 617 3351 670 3406; x_wconf 87' lang='lat' dir='ltr'>sibi</span> <span class='ocrx_word' id='word_1_243' title='bbox 693 3352 874 3406; x_wconf 76' lang='lat' dir='ltr'>constitueret.</span> <span class='ocrx_word' id='word_1_244' title='bbox 908 3369 995 3423; x_wconf 89' lang='lat' dir='ltr'>neque</span> <span class='ocrx_word' id='word_1_245' title='bbox 1019 3351 1085 3406; x_wconf 89' lang='lat' dir='ltr'>enim</span> <span class='ocrx_word' id='word_1_246' title='bbox 1107 3361 1175 3418; x_wconf 81' lang='lat' dir='ltr'>tum,</span> <span class='ocrx_word' id='word_1_247' title='bbox 1193 3351 1228 3404; x_wconf 82' lang='lat' dir='ltr'>im</span> <span class='ocrx_word' id='word_1_248' title='bbox 1247 3349 1392 3404; x_wconf 70' lang='lat' dir='ltr'>eratonlius</span> 
     </span>
     <span class='ocr_line' id='line_1_30' title="bbox 299 3417 1391 3492; baseline -0.005 -17"><span class='ocrx_word' id='word_1_249' title='bbox 299 3439 352 3475; x_wconf 92' lang='lat' dir='ltr'>una</span> <span class='ocrx_word' id='word_1_250' title='bbox 368 3437 424 3474; x_wconf 90' lang='lat' dir='ltr'>cum</span> <span class='ocrx_word' id='word_1_251' title='bbox 445 3427 537 3475; x_wconf 87' lang='lat' dir='ltr'>senatu</span> <span class='ocrx_word' id='word_1_252' title='bbox 557 3437 648 3475; x_wconf 85' lang='lat' dir='ltr'>causas</span> <span class='ocrx_word' id='word_1_253' title='bbox 667 3421 847 3488; x_wconf 87' lang='lat' dir='ltr'>audientibus,</span> <span class='ocrx_word' id='word_1_254' title='bbox 867 3421 953 3474; x_wconf 88' lang='lat' dir='ltr'>omnia</span> <span class='ocrx_word' id='word_1_255' title='bbox 969 3419 1199 3492; x_wconf 66' lang='lat' dir='ltr'>praestantissimis</span> <span class='ocrx_word' id='word_1_256' title='bbox 1231 3417 1298 3473; x_wconf 81' lang='lat' dir='ltr'>anile</span> <span class='ocrx_word' id='word_1_257' title='bbox 1316 3417 1391 3470; x_wconf 89' lang='lat' dir='ltr'>mini-</span> 
     </span>
     <span class='ocr_line' id='line_1_31' title="bbox 298 3489 1392 3560; baseline -0.003 -17"><span class='ocrx_word' id='word_1_258' title='bbox 298 3489 408 3543; x_wconf 89' lang='lat' dir='ltr'>sterium</span> <span class='ocrx_word' id='word_1_259' title='bbox 421 3491 488 3558; x_wconf 83' lang='lat' dir='ltr'>fuit,</span> <span class='ocrx_word' id='word_1_260' title='bbox 504 3489 570 3543; x_wconf 86' lang='lat' dir='ltr'>adeo</span> <span class='ocrx_word' id='word_1_261' title='bbox 585 3499 614 3543; x_wconf 88' lang='lat' dir='ltr'>ut</span> <span class='ocrx_word' id='word_1_262' title='bbox 630 3507 664 3546; x_wconf 85' lang='lat' dir='ltr'>ex</span> <span class='ocrx_word' id='word_1_263' title='bbox 679 3489 744 3558; x_wconf 88' lang='lat' dir='ltr'>ipsis</span> <span class='ocrx_word' id='word_1_264' title='bbox 761 3489 944 3544; x_wconf 75' lang='lat' dir='ltr'><strong>maturioribus</strong></span> <span class='ocrx_word' id='word_1_265' title='bbox 962 3507 1061 3560; x_wconf 90' lang='lat' dir='ltr'>usuque</span> <span class='ocrx_word' id='word_1_266' title='bbox 1078 3508 1110 3544; x_wconf 86' lang='lat' dir='ltr'>aa</span> <span class='ocrx_word' id='word_1_267' title='bbox 1125 3497 1243 3560; x_wconf 87' lang='lat' dir='ltr'>tempore</span> <span class='ocrx_word' id='word_1_268' title='bbox 1255 3495 1392 3558; x_wconf 88' lang='lat' dir='ltr'>praestan-</span> 
     </span>
     <span class='ocr_line' id='line_1_32' title="bbox 292 3557 1393 3642; baseline -0.004 -30"><span class='ocrx_word' id='word_1_269' title='bbox 292 3559 386 3622; x_wconf 82' lang='lat' dir='ltr'>tibus,</span> <span class='ocrx_word' id='word_1_270' title='bbox 410 3558 557 3627; x_wconf 88' lang='lat' dir='ltr'>quindecim</span> <span class='ocrx_word' id='word_1_271' title='bbox 581 3557 782 3642; x_wconf 70' lang='lat' dir='ltr'>imperatoribus</span> <span class='ocrx_word' id='word_1_272' title='bbox 799 3565 953 3629; x_wconf 86' lang='lat' dir='ltr'>exceptores</span> <span class='ocrx_word' id='word_1_273' title='bbox 971 3559 1063 3613; x_wconf 82' lang='lat' dir='ltr'>selecti</span> <span class='ocrx_word' id='word_1_274' title='bbox 1077 3559 1148 3626; x_wconf 87' lang='lat' dir='ltr'>sint,</span> <span class='ocrx_word' id='word_1_275' title='bbox 1173 3575 1239 3628; x_wconf 90' lang='lat' dir='ltr'>quos</span> <span class='ocrx_word' id='word_1_276' title='bbox 1256 3557 1393 3610; x_wconf 57' lang='lat' dir='ltr'>mammam</span> 
     </span>
     <span class='ocr_line' id='line_1_33' title="bbox 298 3623 1393 3710; baseline -0.005 -26"><span class='ocrx_word' id='word_1_277' title='bbox 298 3629 440 3698; x_wconf 85' lang='lat' dir='ltr'>deputatos</span> <span class='ocrx_word' id='word_1_278' title='bbox 454 3635 563 3696; x_wconf 86' lang='lat' dir='ltr'>vocant,</span> <span class='ocrx_word' id='word_1_279' title='bbox 582 3643 627 3697; x_wconf 85' lang='lat' dir='ltr'>qus</span> <span class='ocrx_word' id='word_1_280' title='bbox 640 3625 817 3710; x_wconf 56' lang='lat' dir='ltr'>Augustalium</span> <span class='ocrx_word' id='word_1_281' title='bbox 835 3628 934 3682; x_wconf 86' lang='lat' dir='ltr'>ordinis</span> <span class='ocrx_word' id='word_1_282' title='bbox 950 3628 1082 3710; x_wconf 81' lang='lat' dir='ltr'>principes</span> <span class='ocrx_word' id='word_1_283' title='bbox 1096 3637 1166 3682; x_wconf 87' lang='lat' dir='ltr'>sont.</span> <span class='ocrx_word' id='word_1_284' title='bbox 1200 3627 1309 3680; x_wconf 86' lang='lat' dir='ltr'>necdum</span> <span class='ocrx_word' id='word_1_285' title='bbox 1326 3623 1393 3678; x_wconf 88' lang='lat' dir='ltr'>enim</span> 
     </span>
     <span class='ocr_line' id='line_1_34' title="bbox 299 3693 1393 3767; baseline -0.005 -17"><span class='ocrx_word' id='word_1_286' title='bbox 299 3713 385 3767; x_wconf 81' lang='lat' dir='ltr'>nuper</span> <span class='ocrx_word' id='word_1_287' title='bbox 402 3703 548 3751; x_wconf 86' lang='lat' dir='ltr'>creatorum</span> <span class='ocrx_word' id='word_1_288' title='bbox 565 3715 581 3750; x_wconf 90' lang='lat' dir='ltr'>a</span> <span class='ocrx_word' id='word_1_289' title='bbox 598 3705 708 3750; x_wconf 78' lang='lat' dir='ltr'>semetra</span> <span class='ocrx_word' id='word_1_290' title='bbox 730 3714 823 3750; x_wconf 86' lang='lat' dir='ltr'>nomen</span> <span class='ocrx_word' id='word_1_291' title='bbox 847 3707 917 3766; x_wconf 86' lang='lat' dir='ltr'>erat,</span> <span class='ocrx_word' id='word_1_292' title='bbox 943 3698 1052 3752; x_wconf 78' lang='lat' dir='ltr'>medina</span> <span class='ocrx_word' id='word_1_293' title='bbox 1079 3696 1214 3752; x_wconf 75' lang='lat' dir='ltr'>admodum</span> <span class='ocrx_word' id='word_1_294' title='bbox 1235 3693 1393 3766; x_wconf 74' lang='lat' dir='ltr'>peroniano</span> 
     </span>
     <span class='ocr_line' id='line_1_35' title="bbox 298 3764 1432 3837; baseline -0.001 -18"><span class='ocrx_word' id='word_1_295' title='bbox 298 3765 513 3837; x_wconf 87' lang='lat' dir='ltr'>quaestionibus,</span> <span class='ocrx_word' id='word_1_296' title='bbox 532 3765 709 3836; x_wconf 81' lang='lat' dir='ltr'>comptiores</span> <span class='ocrx_word' id='word_1_297' title='bbox 726 3764 897 3836; x_wconf 76' lang='lat' dir='ltr'>imperatorer</span> <span class='ocrx_word' id='word_1_298' title='bbox 914 3767 943 3818; x_wconf 91' lang='lat' dir='ltr'>in</span> <span class='ocrx_word' id='word_1_299' title='bbox 960 3766 1028 3821; x_wconf 86' lang='lat' dir='ltr'>bella</span> <span class='ocrx_word' id='word_1_300' title='bbox 1063 3765 1288 3829; x_wconf 84' lang='lat' dir='ltr'>rolicisaerentur,</span> <span class='ocrx_word' id='word_1_301' title='bbox 1306 3767 1390 3818; x_wconf 82' lang='lat' dir='ltr'>recto-</span> <span class='ocrx_word' id='word_1_302' title='bbox 1424 3813 1432 3834; x_wconf 67' lang='grc'><strong>,</strong></span> 
     </span>
     <span class='ocr_line' id='line_1_36' title="bbox 300 3786 1392 3918; baseline -0.005 -30"><span class='ocrx_word' id='word_1_303' title='bbox 300 3851 344 3889; x_wconf 89' lang='lat' dir='ltr'>res</span> <span class='ocrx_word' id='word_1_304' title='bbox 361 3841 448 3888; x_wconf 87' lang='lat' dir='ltr'>autem</span> <span class='ocrx_word' id='word_1_305' title='bbox 464 3835 658 3918; x_wconf 83' lang='lat' dir='ltr'>provinciarum</span> <span class='ocrx_word' id='word_1_306' title='bbox 672 3833 776 3904; x_wconf 80' lang='lat' dir='ltr'>legibus</span> <span class='ocrx_word' id='word_1_307' title='bbox 812 3853 864 3889; x_wconf 90' lang='lat' dir='ltr'>non</span> <span class='ocrx_word' id='word_1_308' title='bbox 880 3835 981 3905; x_wconf 84' lang='lat' dir='ltr'>rapinis</span> <span class='ocrx_word' id='word_1_309' title='bbox 998 3786 1148 3904; x_wconf 61' lang='lat' dir='ltr'>viginem.</span> <span class='ocrx_word' id='word_1_310' title='bbox 1183 3831 1293 3901; x_wconf 81' lang='lat' dir='ltr'>collegio</span> <span class='ocrx_word' id='word_1_311' title='bbox 1310 3839 1392 3884; x_wconf 72' lang='lat' dir='ltr'>sutem</span> 
     </span>
    </p>
   </div>
   <div class='ocr_carea' id='block_1_5' title="bbox 298 3875 1394 4026">
    <p class='ocr_par' dir='ltr' id='par_1_6' title="bbox 298 3875 1394 4026">
     <span class='ocr_line' id='line_1_37' title="bbox 298 3875 1394 4026; baseline -0.005 -70"><span class='ocrx_word' id='word_1_312' title='bbox 298 3903 402 3958; x_wconf 88' lang='lat' dir='ltr'>illorum</span> <span class='ocrx_word' id='word_1_313' title='bbox 415 3905 525 4026; x_wconf 67' lang='lat' dir='ltr'>tripontii</span> <span class='ocrx_word' id='word_1_314' title='bbox 538 3903 653 3956; x_wconf 73' lang='lat' dir='ltr'>virorum</span> <span class='ocrx_word' id='word_1_315' title='bbox 666 3875 844 3972; x_wconf 72' lang='lat' dir='ltr'>Augusteliiom</span> <span class='ocrx_word' id='word_1_316' title='bbox 857 3921 950 3958; x_wconf 89' lang='lat' dir='ltr'>nomen</span> <span class='ocrx_word' id='word_1_317' title='bbox 962 3905 1004 3958; x_wconf 85' lang='lat' dir='ltr'>lex</span> <span class='ocrx_word' id='word_1_318' title='bbox 1017 3905 1119 3974; x_wconf 88' lang='lat' dir='ltr'>posuit,</span> <span class='ocrx_word' id='word_1_319' title='bbox 1138 3920 1190 3956; x_wconf 89' lang='lat' dir='ltr'>oon</span> <span class='ocrx_word' id='word_1_320' title='bbox 1203 3917 1298 3954; x_wconf 85' lang='lat' dir='ltr'>novam</span> <span class='ocrx_word' id='word_1_321' title='bbox 1311 3915 1394 3968; x_wconf 86' lang='lat' dir='ltr'>neque</span> 
     </span>
    </p>
   </div>
   <div class='ocr_carea' id='block_1_6' title="bbox 298 3969 1393 4398">
    <p class='ocr_par' dir='ltr' id='par_1_7' title="bbox 298 3969 1393 4192">
     <span class='ocr_line' id='line_1_38' title="bbox 299 3969 1393 4042; baseline -0.006 -16"><span class='ocrx_word' id='word_1_322' title='bbox 299 3989 401 4039; x_wconf 81' lang='lat' dir='ltr'>recena,</span> <span class='ocrx_word' id='word_1_323' title='bbox 420 3991 449 4027; x_wconf 89' lang='lat' dir='ltr'>ae</span> <span class='ocrx_word' id='word_1_324' title='bbox 483 3971 560 4042; x_wconf 87' lang='lat' dir='ltr'>primi</span> <span class='ocrx_word' id='word_1_325' title='bbox 577 3971 723 4042; x_wconf 86' lang='lat' dir='ltr'>principum</span> <span class='ocrx_word' id='word_1_326' title='bbox 740 3973 852 4028; x_wconf 86' lang='lat' dir='ltr'>nominis</span> <span class='ocrx_word' id='word_1_327' title='bbox 868 3973 1015 4028; x_wconf 81' lang='lat' dir='ltr'>memoriam</span> <span class='ocrx_word' id='word_1_328' title='bbox 1030 3989 1167 4040; x_wconf 77' lang='lat' dir='ltr'>revocem,</span> <span class='ocrx_word' id='word_1_329' title='bbox 1186 3970 1241 4040; x_wconf 86' lang='lat' dir='ltr'>qui,</span> <span class='ocrx_word' id='word_1_330' title='bbox 1258 3969 1297 4022; x_wconf 87' lang='lat' dir='ltr'>uti</span> <span class='ocrx_word' id='word_1_331' title='bbox 1315 3983 1393 4036; x_wconf 88' lang='lat' dir='ltr'>saepo</span> 
     </span>
     <span class='ocr_line' id='line_1_39' title="bbox 298 4037 1393 4111; baseline -0.004 -17"><span class='ocrx_word' id='word_1_332' title='bbox 298 4041 421 4108; x_wconf 84' lang='lat' dir='ltr'>diximus,</span> <span class='ocrx_word' id='word_1_333' title='bbox 439 4057 495 4094; x_wconf 89' lang='lat' dir='ltr'>cum</span> <span class='ocrx_word' id='word_1_334' title='bbox 511 4043 702 4110; x_wconf 75' lang='lat' dir='ltr'>praefecturam</span> <span class='ocrx_word' id='word_1_335' title='bbox 720 4043 847 4110; x_wconf 88' lang='lat' dir='ltr'>praetorii</span> <span class='ocrx_word' id='word_1_336' title='bbox 881 4043 962 4096; x_wconf 89' lang='lat' dir='ltr'>rimus</span> <span class='ocrx_word' id='word_1_337' title='bbox 978 4041 1144 4111; x_wconf 69' lang='lat' dir='ltr'>instituisset,</span> <span class='ocrx_word' id='word_1_338' title='bbox 1161 4039 1191 4092; x_wconf 92' lang='lat' dir='ltr'>in</span> <span class='ocrx_word' id='word_1_339' title='bbox 1209 4056 1241 4093; x_wconf 83' lang='lat' dir='ltr'>aa</span> <span class='ocrx_word' id='word_1_340' title='bbox 1255 4037 1393 4092; x_wconf 87' lang='lat' dir='ltr'>militantes</span> 
     </span>
     <span class='ocr_line' id='line_1_40' title="bbox 299 4060 929 4192; baseline 0.003 -30"><span class='ocrx_word' id='word_1_341' title='bbox 299 4107 455 4178; x_wconf 76' lang='lat' dir='ltr'>Augustales</span> <span class='ocrx_word' id='word_1_342' title='bbox 473 4126 490 4161; x_wconf 90' lang='lat' dir='ltr'>s</span> <span class='ocrx_word' id='word_1_343' title='bbox 507 4125 555 4162; x_wconf 87' lang='lat' dir='ltr'>suo</span> <span class='ocrx_word' id='word_1_344' title='bbox 572 4108 675 4163; x_wconf 90' lang='lat' dir='ltr'>nomine</span> <span class='ocrx_word' id='word_1_345' title='bbox 692 4110 820 4192; x_wconf 84' lang='lat' dir='ltr'>appellari</span> <span class='ocrx_word' id='word_1_346' title='bbox 836 4060 929 4164; x_wconf 66' lang='lat' dir='ltr'>viluit.</span> 
     </span>
    </p>

    <p class='ocr_par' dir='ltr' id='par_1_8' title="bbox 298 4175 1393 4398">
     <span class='ocr_line' id='line_1_41' title="bbox 369 4175 1392 4250; baseline -0.001 -20"><span class='ocrx_word' id='word_1_347' title='bbox 369 4179 412 4230; x_wconf 87' lang='lat'>11.</span> <span class='ocrx_word' id='word_1_348' title='bbox 447 4175 576 4246; x_wconf 74' lang='lat' dir='ltr'>vestigiis</span> <span class='ocrx_word' id='word_1_349' title='bbox 599 4180 734 4250; x_wconf 74' lang='lat' dir='ltr'>prudentis</span> <span class='ocrx_word' id='word_1_350' title='bbox 757 4179 922 4249; x_wconf 78' lang='lat' dir='ltr'>antiquitatis</span> <span class='ocrx_word' id='word_1_351' title='bbox 944 4175 1079 4234; x_wconf 78' lang='lat' dir='ltr'>maximam</span> <span class='ocrx_word' id='word_1_352' title='bbox 1102 4181 1202 4248; x_wconf 86' lang='lat' dir='ltr'>partem</span> <span class='ocrx_word' id='word_1_353' title='bbox 1228 4191 1260 4228; x_wconf 85' lang='lat' dir='ltr'>ao</span> <span class='ocrx_word' id='word_1_354' title='bbox 1281 4175 1392 4228; x_wconf 72' lang='lat' dir='ltr'>fortun</span> 
     </span>
     <span class='ocr_line' id='line_1_42' title="bbox 298 4241 1393 4318; baseline -0.004 -22"><span class='ocrx_word' id='word_1_355' title='bbox 298 4243 419 4300; x_wconf 86' lang='lat' dir='ltr'>omnibus</span> <span class='ocrx_word' id='word_1_356' title='bbox 433 4244 582 4315; x_wconf 83' lang='lat' dir='ltr'>exstinctis,</span> <span class='ocrx_word' id='word_1_357' title='bbox 606 4246 748 4301; x_wconf 78' lang='lat' dir='ltr'>aluminis</span> <span class='ocrx_word' id='word_1_358' title='bbox 766 4248 818 4303; x_wconf 88' lang='lat' dir='ltr'>sibi</span> <span class='ocrx_word' id='word_1_359' title='bbox 836 4265 888 4302; x_wconf 89' lang='lat' dir='ltr'>noo</span> <span class='ocrx_word' id='word_1_360' title='bbox 904 4245 1108 4318; x_wconf 81' lang='lat' dir='ltr'>temperaverit,</span> <span class='ocrx_word' id='word_1_361' title='bbox 1131 4245 1176 4316; x_wconf 92' lang='lat' dir='ltr'>qui</span> <span class='ocrx_word' id='word_1_362' title='bbox 1193 4262 1209 4298; x_wconf 89' lang='lat' dir='ltr'>a</span> <span class='ocrx_word' id='word_1_363' title='bbox 1226 4241 1393 4312; x_wconf 86' lang='lat' dir='ltr'>sequentibus</span> 
     </span>
     <span class='ocr_line' id='line_1_43' title="bbox 300 4309 1390 4398; baseline 0 -32"><span class='ocrx_word' id='word_1_364' title='bbox 300 4310 429 4382; x_wconf 79' lang='lat' dir='ltr'>intelliget</span> <span class='ocrx_word' id='word_1_365' title='bbox 444 4315 572 4384; x_wconf 88' lang='lat' dir='ltr'>quomodo</span> <span class='ocrx_word' id='word_1_366' title='bbox 588 4313 649 4370; x_wconf 86' lang='lat' dir='ltr'>olim</span> <span class='ocrx_word' id='word_1_367' title='bbox 667 4315 763 4372; x_wconf 84' lang='lat' dir='ltr'>civium</span> <span class='ocrx_word' id='word_1_368' title='bbox 781 4317 898 4398; x_wconf 79' lang='lat' dir='ltr'>libepteti</span> <span class='ocrx_word' id='word_1_369' title='bbox 918 4315 962 4373; x_wconf 83' lang='lat' dir='ltr'>lex</span> <span class='ocrx_word' id='word_1_370' title='bbox 976 4313 1148 4387; x_wconf 86' lang='lat' dir='ltr'>consuluerit,</span> <span class='ocrx_word' id='word_1_371' title='bbox 1172 4321 1290 4386; x_wconf 86' lang='lat' dir='ltr'>quotque</span> <span class='ocrx_word' id='word_1_372' title='bbox 1305 4309 1390 4384; x_wconf 86' lang='lat' dir='ltr'>psuls·</span> 
     </span>
    </p>
   </div>
   <div class='ocr_carea' id='block_1_7' title="bbox 0 0 1544 4862">
    <p class='ocr_par' dir='ltr' id='par_1_9' title="bbox 0 0 1544 4862">
     <span class='ocr_line' id='line_1_44' title="bbox 0 0 1544 4862; baseline 0 1"><span class='ocrx_word' id='word_1_373' title='bbox 0 0 1544 4862; x_wconf 95' lang='lat' dir='ltr'> </span> 
     </span>
    </p>
   </div>
  </div>
 </body>
</html>
