3030 4866
263 371 335 444 116
663 361 834 431 losuuls
860 363 962 430 LYDl

261 533 414 615 δευτέρας
433 533 501 598 τόν
523 531 717 596 Φοινικικόν
736 530 799 596 τού
815 523 988 614 Ἑρεννίου
1013 525 1164 604 Φίλωνος
1184 526 1239 586 ἔται
1252 531 1364 604 λαβεῖν.

257 639 318 710 καὶ
346 637 540 724 βασιλεῦσαι
569 630 604 702 dl
626 629 730 698 αὐτόν
750 624 772 714 ἡ
795 629 923 710 ἱστορία
943 630 1181 702 παραὶἱθασιν,
1204 629 1242 698 αἱς
1262 631 1363 704 ἔμνησ-

261 747 345 808 σθευ
366 731 598 821 όφηγησύμην,
620 735 696 800 κατά
716 753 751 797 τι
772 729 834 815 τὴν
854 728 986 814 Λιβύην
1007 735 1055 790 καί
1075 733 1240 803 Σικελίαν,
1262 737 1365 791 salom

261 867 292 903 τι
312 843 381 908 τούς
403 841 536 916 τόκους,
558 833 614 902 καί
638 838 726 900 πόλιν
747 834 865 912 κτίσαι,
892 831 935 912 ὥς
954 829 974 900 ὁ
991 831 1106 916 Χάραξ
1123 835 1215 919 φησί,
1234 835 1288 906 τὴν
1302 835 1365 891 τότε

261 947 312 1020 μὲν
328 939 496 1026 λεγομένην
516 938 670 1020 Κρονίου,
691 940 755 1002 νῦν
772 934 808 1002 di
826 931 931 1019 Ἱεριίν
951 934 1059 1010 πόλιν,
1080 933 1124 1004 oio
1142 935 1289 1019 Ἰσίγονοι
1303 937 1392 1006 τεαὶᾶ

261 1047 440 1120 Ἑλληνικῶν
466 1045 559 1108 θεῶν
581 1040 638 1107 καί
666 1039 828 1122 Πολέμων
856 1037 912 1104 καὶ
942 1037 1106 1122 Αἰσχύλος
1135 1037 1171 1104 ἐκ
1200 1040 1242 1122 τη·
1264 1037 1367 1120 Αἴτνη

261 1149 489 1222 παραδιδόασιν,
516 1140 536 1218 ἢ
559 1143 597 1212 oio
617 1147 697 1208 πᾶσα
718 1135 738 1227 ἡ
762 1139 892 1222 ἱστορία
911 1136 996 1207 κατὰ
1016 1138 1076 1206 τόν
1097 1133 1274 1221 Εύόμιρον
1294 1159 1368 1200 τοι·

261 1249 413 1320 κίλλεται,
435 1253 530 1321 σοφῶς
551 1247 604 1320 τήν
625 1247 693 1308 τῶν
714 1241 900 1328 λεγομὶυαν
919 1245 1012 1308 θετόν
1031 1237 1272 1328 ὑπογράφοντα
1292 1245 1366 1303 θεω-

260 1358 327 1427 ρίαν
335 1385 571 1410 ·············
580 1341 764 1420 ἀποκρύπτει
772 1382 914 1404 ········
922 1347 1202 1412 ου....θα..ιστν
1208 1378 1368 1401 ·········

261 1451 330 1514 ιὶοτι
351 1454 400 1510 καί
420 1455 514 1518 καλῶς
535 1442 554 1514 ὁ
579 1449 615 1512 Π
623 1484 765 1507 ········
782 1447 811 1506 ἐν
832 1449 877 1532 τῷ
897 1447 974 1526 περί
993 1443 1166 1514 Διονύσον
1188 1443 1270 1530 φησὶ
1289 1441 1368 1520 τούς
1378 1459 1413 1512 1⁰

262 1559 390 1624 δικαίους
410 1557 468 1612 τῶν
488 1551 630 1628 βασιλίσιν
649 1552 698 1610 καί
720 1545 827 1623 ἱερέων
847 1551 920 1624 ταῖς
942 1549 1028 1628 ἴσαις
1048 1559 1150 1632 τιμαῖς
1166 1586 1213 1609 ...
1228 1543 1288 1614 ὑπ’
1310 1541 1369 1612 od-

262 1639 320 1717 cdv
347 1661 404 1715 τῶν
432 1655 524 1719 θεοῖν
553 1649 611 1719 καί
637 1650 879 1736 προσηγορίαις
899 1653 1090 1736 τιμηθῆναι,
1127 1654 1175 1710 καί
1197 1647 1299 1734 ταύτῃ
1318 1648 1369 1720 pls

263 1763 397 1832 εἰρῆσθαι
416 1757 568 1833 μυθικοῖς,
591 1751 652 1840 τὴν
673 1752 709 1820 dl
730 1755 880 1835 ἱστορίαν
901 1753 1104 1826 πεπλασμένων
1118 1748 1371 1835 παραδεδόσθαι.

263 1859 327 1929 elul
348 1856 384 1926 δὲ
406 1858 443 1926 οἱ
462 1872 545 1940 φασι
566 1852 626 1922 τόν
644 1854 780 1941 Κρόνον,
803 1854 822 1932 ἢ
844 1855 921 1922 κατα
943 1851 1145 1927 doemonem
1167 1857 1216 1916 τόν
1238 1854 1370 1936 χρόνον,

266 1961 416 2039 Ούρανού
438 1953 524 2026 εἶναι
545 1957 661 2024 uuida·
691 1957 747 2026 καί
776 1957 840 2042 poio
870 1957 907 2025 ἐκ
935 1963 994 2044 τῆς
1015 1951 1167 2039 ούρανοῦ
1188 1960 1326 2035 κινήσεως
1350 1951 1415 2027 615

264 2063 395 2152 χρόνος.
436 2057 473 2127 lv
501 2057 538 2126 di
565 2063 612 2145 τηῖ
633 2057 709 2128 κατ’
731 2057 835 2128 αὐτόν
856 2062 950 2148 ἱερῷ,
983 2056 1029 2138 οἷς
1049 2075 1133 2144 φησι
1156 2057 1318 2142 Φύλαρχον
1339 2060 1371 2118 ἒν

264 2173 300 2243 τῇ
326 2158 582 2249 ἑπτακαιδεκάτῃ
604 2161 660 2230 καὶ
681 2159 884 2247 Μένανδρός
905 2187 942 2247 με
964 2169 997 2240 τῇ
1019 2161 1148 2248 πρώτη,
1178 2157 1255 2229 οὔτε
1283 2159 1371 2246 poor}

265 2267 336 2336 οὔτε
362 2269 437 2326 κύων
465 2262 533 2329 οὔτε
561 2269 641 2349 μυῖα
668 2260 779 2352 εἰσῄει.
823 2270 959 2333 τοιαῦτα
985 2263 1042 2338 μὲν
1067 2259 1124 2328 νύν
1149 2271 1222 2343 τοῖς
1246 2263 1371 2343 ἔξωθεν

266 2369 395 2444 τίνυται·
418 2367 433 2427 ὁ
456 2367 487 2426 δὲ
509 2369 584 2439 ἱερὸν
603 2363 702 2451 λόγος
723 2366 853 2456 (αύτοῐς
873 2366 938 2454 poio
960 2371 1030 2443 τοῖς
1050 2369 1113 2434 τού
1131 2371 1262 2442 μεγάλου
1284 2360 1373 2449 Πρό-

264 2477 350 2542 κλου
378 2465 557 2556 στησόμεθα
586 2471 705 2547 ῥύμασι)
734 2469 816 2554 πρὸς
843 2469 929 2549 λέξιν
959 2465 1065 2548 οὕτως
1083 2467 1180 2554 λίγα.
1225 2465 1243 2536 ό
1272 2470 1303 2528 αἱ
1333 2457 1419 2542 erizo

266 2573 406 2654 Κρόνος,
439 2569 592 2654 τέταρτος
623 2569 688 2646 oio,
721 2579 769 2633 sal
790 2581 838 2653 βίη
861 2575 978 2646 δέχεται
999 2570 1037 2638 τό
1059 2566 1183 2655 πατρός
1205 2573 1374 2656 σκῆπτρον

265 2673 324 2744 καί
344 2675 551 2759 παραδίδωσι
571 2677 618 2764 τῷ
639 2677 721 2735 παισί
739 2675 894 2756 βιασθείς,
915 2672 999 2743 κατὰ
1020 2669 1058 2740 τό
1078 2677 1142 2741 τοῦ
1158 2669 1272 2757 μύθου
1294 2671 1373 2755 πρό-

267 2793 373 2852 σχημα.
422 2777 461 2844 τὸ
482 2776 519 2845 dl
540 2777 650 2845 αἴτιον
670 2785 722 2854 τῆς
742 2781 882 2865 τοιαύτης
904 2778 1080 2862 διασκευῆς
1098 2777 1134 2843 οἱ
1154 2775 1293 2862 μνθικοὶ
1317 2777 1375 2842 do-

340 2931 374 3054 1}
389 2929 476 3053 mulipr
488 2929 588 2986 ταῦτα.
611 2929 732 2986 Hlarus.
819 2933 853 2989 18
870 2929 956 3002 είσείη
971 2933 1005 2988 C.
1108 2933 1143 2988 21
1161 2927 1213 2986 τόν
1230 2931 1264 2984 C.
1281 2927 1375 3001 quidni

336 3018 354 3053 τ
389 3016 441 3053 του

268 3141 303 3194 de
317 3139 432 3192 Saturno
448 3139 563 3207 hahent,
607 3138 805 3194 uemadmodum
826 3155 860 3193 ex
878 3137 948 3193 libro
966 3139 1081 3194 secarrdo
1098 3137 1299 3193 Phoeniciorum
1315 3135 1375 3189 lie-

269 3207 356 3262 rennli
377 3207 495 3260 Philonis
512 3209 577 3261 lieet
588 3157 801 3278 leprehendere.
820 3217 848 3262 et
860 3225 987 3291 regnasse
1001 3227 1059 3262 eum
1074 3209 1185 3264 historia
1197 3207 1287 3272 tradit,
1304 3206 1378 3258 sicut

270 3277 392 3346 superius
407 3277 531 3347 exposui,
557 3279 585 3331 in
599 3279 691 3332 Africa
705 3277 869 3347 Siciliaque,
894 3279 1039 3362 incolisque
1053 3279 1235 3348 frequentasse
1248 3277 1322 3342 loca,
1347 3283 1378 3327 et

271 3345 421 3398 condidisse
442 3347 550 3414 urbem,
578 3357 608 3400 ut
628 3347 735 3400 Charax
756 3347 806 3413 ait,
833 3363 900 3416 quae
924 3348 1024 3401 Croma
1044 3357 1186 3402 vocaretur
1202 3356 1279 3412 tuno,
1305 3361 1377 3396 nunc

271 3414 438 3483 Hierapolis,
457 3417 671 3484 quemadmodum
688 3417 725 3468 lsi
745 3433 810 3468 onus
830 3417 864 3470 de
884 3416 936 3469 diis
953 3417 1065 3471 Graecis
1085 3429 1113 3471 et
1131 3417 1256 3470 Polemon
1278 3423 1305 3468 et
1321 3413 1376 3466 ,le-

271 3483 379 3552 scupus
396 3484 424 3536 in
443 3483 529 3539 Aetna
545 3486 654 3540 tradunt
673 3522 681 3538 .
701 3435 744 3538 vol
760 3493 790 3538 ut
807 3484 892 3540 omnis
910 3486 1021 3540 historia
1037 3496 1145 3540 auctore
1163 3487 1296 3539 Euemero
1314 3481 1377 3534 illu-

272 3563 385 3619 atratur‚
412 3552 549 3622 ingeniose
566 3571 656 3608 eorum
674 3554 720 3624 qui
737 3554 776 3606 dii
798 3555 964 3624 appellantur
985 3559 1181 3610 submonstrans
1199 3552 1378 3622 cognitionem

275 3660 283 3678 .
299 3659 306 3675 .
321 3623 499 3676 abscondit.
514 3631 638 3694 ..utque
655 3631 728 3676 recto
744 3622 845 3676 idcirco
861 3624 928 3678 P..
945 3663 953 3677 .
978 3625 1005 3678 iu
1021 3625 1238 3698 commentatione
1255 3625 1289 3678 de
1305 3623 1377 3674 Bac-

273 3693 323 3745 cho
348 3691 448 3744 dixerit
467 3691 575 3760 regibus
599 3703 627 3745 et
647 3693 829 3746 sacerdotibus
846 3694 924 3748 iustis
942 3696 1064 3763 aequales
1088 3713 1147 3748 esse
1165 3695 1277 3748 honores
1295 3700 1378 3759 atque

273 3760 464 3830 appellationes
481 3764 514 3814 ab
533 3761 599 3830 ipsis
619 3762 670 3815 diis
687 3760 877 3816 immortalibus
895 3763 1057 3834 impertitos,
1085 3775 1113 3818 et
1129 3761 1187 3816 illos
1208 3765 1256 3817 hac
1272 3763 1379 3814 ratione

273 3829 394 3882 fabulose
411 3829 573 3897 celebratos,
599 3831 736 3884 historiam
753 3839 839 3886 autern
859 3851 918 3884 esse
939 3834 1063 3887 traditam
1081 3833 1232 3886 continentis
1249 3834 1378 3884 obscura-

274 3909 338 3952 tam.
373 3907 435 3952 suist
451 3899 497 3967 qui
518 3899 607 3954 dicant
625 3897 676 3954 τόν
695 3897 822 3967 Κρόνον,
846 3901 906 3956 sive
922 3901 999 3955 litera
1016 3913 1164 3972 permutata
1182 3899 1234 3955 τὸν
1253 3898 1378 3968 Χρόνου,

274 3967 325 4020 hoc
346 3979 389 4020 est
407 3977 525 4037 tempus,
550 3970 626 4022 Coeli
649 3983 708 4023 esse
730 3969 825 4022 filium:
848 3971 946 4024 etenim
961 3991 975 4025 e
989 3971 1056 4024 caeli
1070 3981 1140 4026 motu
1153 3979 1256 4041 tempus
1272 3971 1304 4022 lit
1321 4005 1330 4020 .
1348 3967 1379 4020 in

274 4036 343 4088 illius
357 4045 444 4090 autem
460 4038 597 4107 templum,
615 4049 645 4092 ut
660 4040 698 4092 ait
710 4039 874 4106 Phylarchus
891 4039 959 4093 libro
978 4041 1079 4095 decimo
1094 4041 1207 4110 septimo
1222 4049 1250 4094 et
1265 4041 1379 4092 Menan-
1493 4081 1495 4088 .

274 4106 323 4158 der
338 4107 432 4175 primo,
451 4123 537 4176 neque
553 4108 649 4162 lemine
667 4126 753 4178 neque
769 4109 842 4162 canis
858 4127 944 4191 neque
960 4129 1049 4164 nrusca
1061 4111 1199 4164 introibat.
1235 4110 1300 4162 hacc
1313 4123 1384 4179 pro-¹

274 4175 372 4227 duntur
389 4193 405 4226 a
421 4175 556 4246 prolunis:
581 4179 629 4230 sed
645 4178 767 4230 doctrina
782 4196 858 4230 sacra
881 4179 964 4247 (ipsis
983 4191 1086 4234 utemur
1099 4179 1186 4248 magni
1198 4178 1286 4232 Procli
1301 4175 1380 4229 voci·
1493 4181 1494 4188 ’

274 4243 338 4307 hus)
355 4243 513 4298 adverbum
530 4243 568 4297 ita
586 4247 675 4299 hahet.
711 4249 855 4314 Saturnus,
879 4248 926 4317 qui
943 4261 1052 4318 quartus
1070 4259 1127 4317 est,
1153 4257 1181 4302 et
1196 4267 1245 4317 per
1262 4246 1316 4300 rim
1333 4245 1379 4297 in-

274 4310 351 4363 vadit
362 4321 468 4380 sceptra
482 4313 564 4384 patris
578 4325 606 4366 ot
619 4325 725 4368 coactus
736 4315 819 4369 tradit
829 4316 894 4385 lilio,
907 4317 982 4371 iuxta
995 4319 1099 4374 fabulae
1114 4327 1287 4388 praetextum.
1303 4315 1380 4369 ouius

274 4377 391 4434 fictionis
413 4382 541 4435 rationem
563 4383 708 4438 fabularum
726 4385 877 4460 conditores
897 4386 1021 4443 sidentur
1039 4406 1073 4444 ex
1088 4388 1132 4444 dei
1148 4387 1312 4458 proprietate
1327 4402 1379 4456 pa-
