2934 4868
482 349 827 425 comminius.
1163 377 1201 426 ιι

104 558 169 611 nntt
181 567 240 610 nec
253 549 385 614 fortusse
400 560 470 612 sunt
484 569 619 635 nnqncm
633 555 666 612 in
683 555 794 635 vulgus
809 553 936 634 prnlats.
978 564 1009 614 et
1026 553 1201 619 adolescens

105 651 223 735 quidem
238 655 360 734 scripsit
382 653 422 735 1)
436 655 640 715 mmmmm
653 657 751 715 Zotici
760 677 791 738 p.
802 677 833 736 p.
847 660 925 716 circs
937 676 965 717 a·
976 658 1054 736 512,
1074 669 1203 740 patrono

14 813 15 816 ,
105 767 165 814 tum
180 756 341 835 probatem
354 767 388 816 ut
402 777 456 838 pro
471 758 599 838 singulis
612 759 747 820 versibus
760 761 894 840 singulos
912 759 1024 822 solidos
1040 777 1146 822 cursor
1162 759 1201 822 do

14 925 15 948 χ
106 879 205 920 mense
218 861 426 940 praefecturae
440 859 526 941 Lydo
538 871 709 920 numeraret
727 861 834 942 (vids
855 867 897 928 27
917 883 948 944 ps
957 865 1020 930 219
1039 865 1096 946 21)
1109 885 1201 925 reno-

107 971 170 1022 vsts
188 963 361 1022 caracellae
376 965 409 1022 in
424 966 595 1044 Oppianum
610 964 825 1043 Octsticeque,
846 975 882 1023 nt
896 965 1012 1044 ierunt,
1034 971 1067 1027 in
1080 971 1116 1028 P.
1130 971 1201 1030 Vir-

108 1066 210 1144 gilium
231 1065 423 1128 liberalitate.
465 1066 575 1128 deinds
595 1065 636 1146 2)
658 1067 821 1124 orationem
838 1067 871 1124 in
890 1067 1012 1129 laudem
1034 1072 1203 1136 lucanum·

108 1167 190 1248 Aug.
209 1166 347 1228 habitem
359 1187 462 1228 corcm
473 1170 581 1248 legetis
592 1169 771 1247 amplissimi
783 1165 897 1228 ordinis
909 1189 950 1228 ex
963 1174 1037 1232 orbe
1050 1172 1090 1234 cd
1104 1176 1201 1234 comi·

109 1281 198 1332 istum
212 1275 314 1332 missis
327 1270 363 1352 (8
384 1272 427 1336 28
442 1271 544 1350 11221
565 1267 630 1350 14).
654 1271 691 1329 cb
701 1271 880 1351 imperatore
891 1275 983 1332 etium
995 1275 1123 1336 scribere
1136 1279 1202 1337 ius-
1217 1288 1247 1344 P·
1264 1287 1296 1326 ¹¹

110 1393 155 1434 sus
177 1387 222 1436 est
247 1375 290 1456 3)
310 1374 469 1433 distortum
483 1375 597 1451 prioris
617 1371 691 1432 besu
707 1375 837 1447 Persici,
859 1373 943 1456 qnod
961 1387 1134 1456 susceptum
1151 1379 1203 1438 vel

110 1479 202 1556 potius
221 1479 422 1537 instaur-etum
442 1475 497 1536 sub
515 1477 631 1535 Iustino
644 1487 714 1555 post
727 1478 878 1557 insignem
891 1480 1022 1538 Pernzeo
1038 1478 1078 1539 od
1090 1483 1203 1540 Dur-sm

111 1580 249 1662 oppidum
263 1577 382 1640 cladem
403 1579 454 1660 (ν.
466 1581 593 1659 Procop.
606 1580 691 1639 Pers.
704 1581 719 1643 1
748 1583 785 1644 ts
796 1599 842 1662 sq.
863 1579 913 1640 ed.
923 1583 999 1661 lieg.
1010 1584 1106 1643 Poris.
1121 1585 1204 1648 1662

14 1741 15 1746 ,
110 1693 177 1744 tom.
194 1689 209 1749 1
229 1695 261 1764 p'.
275 1680 436 1762 36-12)
458 1699 532 1762 pecc
549 1691 695 1760 φιναηίο
709 1679 763 1740 ills
787 1682 841 1763 (so
856 1685 938 1741 enno
954 1685 1067 1744 Graeco
1079 1687 1206 1746 nomine

112 1789 258 1846 uhctinis
279 1804 400 1868 qnoque
421 1784 591 1844 unctoribus
606 1783 796 1865 nominetur)
818 1785 1130 1850 disseminatum
1147 1795 1206 1846 est·

111 1906 277 1972 qumquam
296 1909 359 1951 non
381 1890 572 1968 exploratum
590 1884 689 1947 habeo
701 1897 878 1948 exsecutum
892 1907 964 1947 eum
980 1907 1045 1948 esse
1061 1891 1206 1968 principis

111 1991 245 2052 mandata
257 1993 403 2074 illiusque
415 1993 489 2052 belli
500 1988 658 2051 historiam
670 2009 774 2050 revers
784 1992 1002 2072 perscripsisse.
1043 2009 1117 2068 nec,
1136 2011 1206 2050 cum

110 2095 139 2152 in
158 2095 225 2154 eliis
244 2097 365 2175 scriptis
385 2096 448 2155 suis
470 2091 741 2154 commemorandis
758 2097 895 2175 quamvis
909 2096 1023 2155 multus
1037 2096 1092 2172 sit,
1114 2091 1206 2155 huius

112 2208 183 2256 certe
196 2215 330 2278 usquam
343 2198 491 2256 meminit.
532 2215 590 2256 nec
601 2193 739 2256 hercules
751 2206 904 2278 tantopere
919 2215 987 2256 eom
1000 2196 1207 2259 desideremus

112 2299 154 2378 (si
172 2297 266 2359 modo
284 2299 437 2359 mediocre
456 2307 557 2379 potest
580 2317 644 2358 esse
662 2299 755 2359 ullius
770 2296 912 2382 antiquae
926 2297 1068 2362 historiae
1084 2299 1206 2362 deside-

112 2401 223 2484 rium),
252 2401 335 2484 qnod
354 2403 466 2462 nobilis
483 2401 572 2462 nobis
592 2402 719 2480 scriptor
737 2413 856 2482 praesto
874 2413 920 2462 est
940 2405 1122 2484 Procopius,
1151 2405 1206 2485 qui

112 2505 183 2565 libro
205 2507 396 2565 Persicorum
416 2506 513 2583 primo
534 2505 655 2584 prolixe
675 2505 747 2564 sctis
769 2502 877 2564 eodem
903 2504 941 2566 ds
961 2507 1042 2568 bello
1056 2526 1111 2568 nos
1130 2505 1207 2566 edo-

113 2619 184 2668 cent.
226 2620 318 2689 utque
340 2603 416 2665 hoec
439 2603 563 2686 quidem
576 2604 680 2686 Lydus
694 2615 791 2666 estete
806 2609 929 2668 ineunte
944 2627 979 2668 cc
994 2606 1112 2669 modic:
1133 2629 1208 2690 pro-

112 2719 194 2769 tecta
206 2728 276 2769 vcro
291 2719 322 2768 et
335 2717 469 2768 extrema
486 2711 603 2788 scripsit
617 2709 668 2768 tel
682 2721 761 2770 certe
778 2713 906 2772 confecit
917 2713 982 2770 ills.

196 2814 241 2871 Dr
253 2805 415 2872 Msirsrnns
426 2813 554 2871 librum:
576 2795 611 2870 ut
622 2813 687 2892 ipse
700 2814 842 2894 loquitur,
862 2811 921 2897 τήν
933 2811 1002 2897 περ)
1014 2813 1121 2896 pondo
1133 2827 1204 2896 cny-
1223 2809 1245 2876 5

113 2909 234 2995 γραφήν
245 2914 323 2973 infru
334 2934 367 2994 p·
378 2917 438 2978 179
454 2919 486 2990 7,
507 2918 570 2974 sive
583 2909 641 2994 τήν
653 2914 723 2997 περὶ
737 2921 844 2996 μηνῶν
856 2919 1060 3001 πραγματε1αν
1069 2937 1100 2997 p·
1108 2918 1170 2981 119
1186 2921 1207 2982 8

113 3025 142 3074 et
162 3035 195 3096 p·
210 3017 271 3080 169
292 3019 331 3092 7,
351 3011 389 3078 soi
409 3014 480 3096 περ)
501 3019 606 3096 μηνῶν
623 3036 655 3097 p·
673 3017 735 3082 184
758 3019 798 3084 16
820 3029 851 3079 et
872 3041 902 3100 p.
918 3021 982 3085 254
1003 3023 1058 3096 19,
1080 3017 1118 3082 sol
1138 3017 1209 3099 περὶ

114 3123 217 3199 μηνοῖν
231 3116 386 3201 γραφέντα
396 3137 427 3198 p·
444 3119 505 3184 127
525 3121 569 3182 22
589 3127 620 3176 et
640 3139 672 3197 p.
686 3123 746 3184 178
768 3122 805 3195 1,
832 3117 869 3182 sd
882 3122 951 3201 περὶ
967 3127 1072 3200 μηνῶν
1084 3119 1211 3184 τεθέντα
1225 3141 1254 3199 p.
1273 3143 1316 3182 xrs

113 3241 143 3300 p·
157 3222 219 3287 128
242 3226 293 3298 17,
313 3217 349 3284 sd
362 3219 433 3302 περὶ
447 3223 555 3300 μηνοῖν
568 3239 600 3300 Ρ.
616 3218 676 3286 184
697 3223 749 3284 20.
790 3218 872 3280 hunc
886 3221 1022 3281 distinxit
1044 3223 1210 3304 (quantum

115 3343 153 3383 ex
172 3325 312 3405 epitomis
332 3321 515 3399 indicemus,
543 3341 621 3406 quse
637 3323 719 3384 solue
740 3322 917 3404 supersunt)
948 3335 1089 3407 quattuor
1109 3329 1210 3403 tomis,

113 3425 213 3488 idest
235 3427 418 3506 segmentis,
445 3429 613 3508 inscripsit,
639 3437 673 3486 nt
698 3425 807 3486 suidas
832 3421 1001 3489 auctorest
1022 3428 1070 3487 ed.
1091 3431 1210 3490 Kuster.

115 3541 185 3588 tom·
201 3533 223 3594 2
244 3549 277 3609 p·
295 3532 371 3604 181,
392 3531 524 3589 Gobrieli
545 3549 576 3609 p.
597 3549 646 3610 p.:
668 3527 738 3588 vide
760 3547 850 3609 supro
870 3549 901 3610 p.
919 3551 951 3591 x.
995 3529 1052 3590 hoc
1069 3532 1102 3589 in
1121 3531 1210 3607 libro,

115 3631 238 3692 decurso
251 3633 344 3692 totins
358 3635 430 3691 unni
444 3634 557 3712 spatio,
580 3633 672 3692 festos
688 3633 793 3712 populi
807 3635 935 3692 Romani
949 3633 1029 3710 dies,
1052 3651 1112 3714 qno
1126 3635 1212 3714 quis*

116 3755 172 3816 que
182 3733 276 3795 modo
293 3753 422 3816 quemve
437 3735 476 3794 ob
491 3753 613 3796 causam
629 3737 758 3816 agitatus
771 3745 864 3810 esset,
887 3737 924 3794 sb
938 3737 1023 3796 initio
1038 3757 1138 3796 rerum
1150 3741 1213 3798 llo·

116 3857 272 3898 manorum
293 3856 390 3919 usqne
412 3834 451 3896 ud
472 3841 670 3898 lustinicnum
683 3841 854 3917 Augustum
867 3835 1026 3918 diligenter
1039 3850 1214 3920 persecutns

118 3953 175 4018 est,
204 3941 299 4022 idque
320 3959 360 3998 ex
380 3938 497 4000 idoneis
517 3943 703 4016 unctoribus,
731 3959 800 4000 csnn
824 3943 945 4001 Graecis
971 3945 1127 4023 permultis
1146 3953 1213 4000 tum
1289 3927 1293 3934 ⁵

118 4044 245 4118 Latinis,
275 4043 370 4100 Gavio
395 4044 505 4119 Basso,
535 4045 675 4118 Fonteio,
704 4045 863 4124 Aquilino,
892 4045 1011 4120 Cincio,
1038 4047 1213 4120 MVnrrone,

118 4143 266 4219 nunno,
289 4145 428 4220 Visellio,
450 4147 595 4226 Apuleio,
617 4147 793 4222 MMessnlc,
814 4148 952 4206 Cornelio
973 4149 1129 4222 Labeone,
1155 4147 1212 4205 Se·

23 4323 27 4334 .
119 4262 205 4324 neca,
227 4249 372 4322 Valente,
396 4249 558 4324 Mummio,
580 4249 707 4330 aliisque
734 4267 814 4307 nunc
832 4250 883 4307 vel
903 4251 1025 4308 omnino
1039 4251 1089 4308 vel
1102 4267 1213 4326 magne

119 4365 157 4407 ex
176 4361 262 4430 parte
281 4345 416 4432 perditis.
459 4370 552 4433 quem
574 4354 601 4412 si
622 4353 812 4432 superstitem
831 4371 897 4412 csse
917 4351 1037 4410 fortuna
1059 4352 1213 4426 voluisset,
