3054 4872
299 311 374 388 274
699 309 872 382 loannis
894 313 997 380 LYDI

302 477 369 566 γάρ
394 474 435 564 δὴ
456 475 514 546 παλ
530 476 595 562 τὴν
615 477 677 546 τού
696 477 911 560 τριτοστάτου
930 473 1077 556 βασιλέως
1095 475 1228 563 νάκην),
1254 474 1319 546 ύπ’
1340 475 1400 546 αύ-

298 585 367 650 τοῖν
401 577 521 649 λοιπύν
549 583 617 648 τῶν
645 576 847 666 πραγμάτων
873 579 1013 667 καὶτῆς
1041 579 1070 652 ii
1097 577 1188 684 ep'ros
1213 581 1399 664 μαρτυρίας

297 680 439 769 γράφειν
462 682 537 769 περὶ
564 687 632 750 τῶν
660 679 824 752 τοιούτων
846 679 1035 768 προήχθην,
1066 678 1134 766 άμα
1153 677 1213 766 μὲν
1233 679 1318 765 πρὸς
1339 686 1398 768 τῆς

295 784 375 872 ἐμῆς
396 785 529 854 ἔσεσθαι
553 780 683 872 μνήμης
702 781 740 852 τὸ
760 787 894 872 πράγμα
923 785 1081 871 νομίζων,
1110 779 1178 864 ἅμα
1207 783 1242 850 di
1269 781 1397 852 ἄτοπον

295 887 353 956 παὶ
378 887 513 974 φθάνον
542 883 644 972 γέμον
671 883 856 974 ἡγούμενος
882 883 968 954 εἶναι
994 883 1031 954 τύ
1058 879 1186 962 πόνους
1213 883 1420 964 τοσούτονς5

295 996 366 1069 τοῖς
387 986 535 1076 άρχαλοις
555 987 861 1078 καταβεβλημένους
881 989 926 1069 εἰς
946 984 1027 1067 τούς
1046 985 1260 1072 περὶτούτων
1276 981 1396 1072 λόγους

295 1086 370 1178 ἄχρι
389 1089 513 1170 παντὸς
532 1098 642 1175 μεῖναι
662 1089 899 1171 λανθάνοντας.

378 1197 409 1258 2
448 1187 625 1278 Ἁρμόδιον
652 1193 688 1263 di
717 1190 803 1264 εἶναι
832 1193 953 1280 νομίζω
983 1195 1030 1280 τῷ
1056 1189 1130 1274 περὶ
1149 1195 1218 1260 τοῖν
1236 1187 1396 1258 τοιούτων

292 1290 436 1380 γράφειν
469 1292 633 1376 ἐθέλοντι,
672 1294 778 1364 πάθεν
813 1319 847 1364 τε
881 1295 903 1382 ἡ
931 1299 1000 1364 ταῖν
1027 1289 1190 1362 τοιούτων
1215 1291 1396 1386 κατάληψις

291 1394 419 1484 ἤρξατο,
448 1401 558 1477 λέγειν,
586 1397 642 1464 acl
668 1395 751 1466 toro
775 1395 845 1484 ἔσχε
870 1395 930 1477 τάς
951 1393 1123 1484 άφορμάς,
1154 1395 1211 1463 παλ
1231 1393 1321 1474 ὅπως
1342 1393 1436 1462 ἔπλεο

291 1504 453 1570 τοσοῦτον
473 1506 628 1582 προῆλθεν
650 1497 696 1580 ύς
715 1500 774 1568 οιαὶ
795 1497 937 1580 αύτούς,
966 1501 995 1568 cl
1021 1498 1117 1584 θέμις
1144 1499 1263 1578 εἰπεῖν,
1293 1498 1395 1582 Αἰγα-

291 1603 409 1682 πιλονς
437 1601 642 1688 ὑπερβαλεῖν.
686 1599 814 1672 τούτων
841 1605 893 1678 γὰρ
918 1605 971 1677 δή,
1000 1603 1069 1676 μετά
1090 1598 1316 1687 Ζωροάστρην
1335 1597 1394 1665 τάν

290 1703 417 1784 πολύν,
449 1705 625 1791 Πετόσιρις
651 1713 721 1787 τοῖς
747 1706 883 1783 εἰύιτοῖς
904 1702 944 1771 τά
967 1699 1393 1782 iurisconsultorum

291 1806 352 1894 μὲν
369 1802 443 1875 κατ’
463 1805 568 1876 αύτὸν
587 1812 801 1895 παραδοῦναι
816 1804 978 1894 βιάζεται,
1002 1801 1043 1873 ού
1062 1807 1136 1872 πᾶσι
1153 1807 1184 1866 δὲ
1201 1805 1394 1879 παραδίδωσι

290 1912 413 1987 ταῦτα,
443 1905 559 1992 μόνοις
586 1909 622 1979 δὲ
649 1917 719 1988 τοῖς
745 1907 829 1979 καθ’
859 1905 980 1992 αὐτόν,
1015 1911 1141 1994 μᾶλλον
1169 1905 1205 1974 di
1237 1905 1311 1973 ὅσοι
1337 1903 1433 1972 calu

291 2012 386 2073 αὐτῶν
407 2008 488 2092 πρὸς
513 2008 721 2096 στοχασμούς
747 2011 1009 2100 ἐπιτηδειότεραι
1047 2005 1234 2094 Ἀντίγονος
1262 2005 1297 2074 di
1322 2003 1391 2092 μετ’

290 2109 420 2180 ἐκεῖνον
440 2111 563 2188 διέκρινε
583 2110 645 2198 μὲν
665 2113 722 2181 sal
744 2111 932 2201 διήρθρωστ
949 2110 1012 2200 τὴν
1031 2110 1228 2195 παράδοσιν,
1250 2109 1337 2194 πρὸς
1356 2109 1393 2176 δὲ

289 2209 328 2281 τύ
350 2209 480 2279 πνκνύν
504 2221 560 2274 τῶν
580 2205 610 2274 ii
631 2221 665 2292 τῇ
687 2215 876 2305 άατρονομίμ
905 2217 1066 2300 γραμμῶν
1095 2208 1277 2292 άποιιλάνας
1304 2209 1391 2297 άμύ-

289 2321 397 2402 θητον
419 2311 519 2400 ὄχλον
538 2322 587 2376 καὶ
604 2315 741 2391 iocosius
762 2323 852 2393 πάσης
873 2316 1055 2402 άνάμεστον
1067 2320 1108 2402 τῇ
1121 2321 1236 2404 γραφῇ
1250 2332 1391 2400 σνγιιατ-

289 2417 395 2488 έθετο.
438 2417 479 2486 τά
506 2415 569 2502 γάρ
591 2413 804 2502 Ἀριστοτέλει
824 2419 977 2506 εἰρημένα
998 2417 1243 2504 γνωριμώτατα
1280 2412 1432 2486 ‘Hirci-2⁰

288 2524 398 2606 θωρος
419 2519 455 2592 di
476 2519 532 2587 sol
552 2517 760 2604 Ἅσκλατλων,
782 2521 830 2590 ἔτι
849 2521 905 2590 sol
926 2517 1045 2599 Δαψύς
1063 2517 1083 2588 ὁ
1100 2523 1236 2605 Θηβαῖοι
1240 2559 1383 2582 ········

286 2627 335 2682 sol
362 2624 493 2707 Πολλῆς
522 2621 579 2690 παὶ
609 2620 629 2691 ὁ
655 2621 828 2703 θειότατος
855 2621 920 2707 πρὸ
953 2617 1062 2690 cleos
1091 2625 1313 2705 Πτολεμαῖος,
1346 2618 1392 2688 ού

287 2723 381 2809 μληρι
401 2721 525 2802 παντὸς
544 2725 674 2809 ἴσχυσαν
691 2723 753 2811 τὴν
774 2725 920 2794 παλαιάν
941 2720 1107 2811 ἀσάφειαν
1122 2728 1182 2791 τοῦ
1197 2719 1391 2808 πράγματος

286 2823 455 2912 ἐκβαλεῖν,
484 2825 591 2893 καίτοι
611 2849 648 2913 γε
669 2825 802 2915 σφόδρα
822 2828 878 2896 παλ
898 2831 1001 2896 τοῦτο
1021 2831 1158 2914 ποιῆσαι
1178 2824 1389 2906 σπεύσαντες.

357 2962 390 3017 ta
407 2959 508 3026 ἰθαιοῖς
524 2963 559 3018 0.

264 3097 266 3105 ⁴
285 3074 551 3150 innasceretur),
576 3081 673 3136 iccirco
696 3082 763 3168 ipsis
775 3081 921 3138 eventibus
938 3101 1080 3156 eorumque
1101 3083 1251 3144 testimonio
1269 3082 1303 3136 ad
1319 3082 1387 3136 aerl-

284 3152 402 3224 ptionem
418 3150 452 3203 de
469 3154 548 3204 rebus
566 3149 714 3208 huiusmodi
731 3169 787 3206 sum
802 3153 944 3220 adductus,
961 3164 989 3207 at
1005 3153 1154 3208 memoriam
1170 3153 1198 3206 id
1215 3169 1299 3205 meam
1314 3169 1386 3206 com-

285 3220 466 3273 mendatnrnm
488 3219 654 3288 existimans,
681 3229 709 3275 et
724 3223 886 3277 incommodo
903 3223 1056 3294 invidiaque
1073 3241 1128 3278 rem
1147 3239 1200 3276 uon
1217 3227 1309 3276 ‘curem
1322 3239 1387 3288 cep-

286 3305 364 3354 aeua,
392 3287 415 3342 si
438 3295 479 3342 tot
503 3289 607 3342 lsboras
634 3307 651 3344 a
672 3291 808 3344 veteribus
832 3291 861 3345 in
885 3291 1037 3362 disciplibss
1059 3291 1117 3346 illas
1135 3291 1248 3360 impensi
1264 3291 1293 3343 iu
1309 3307 1387 3344 omne

284 3365 388 3428 tempus
403 3358 551 3413 absconditi
567 3367 711 3413 manerent.

354 3427 382 3481 2.
416 3427 573 3497 Appositum
599 3437 685 3482 antem
712 3446 773 3482 esse
796 3429 927 3498 arbitror,
963 3429 987 3484 si
1011 3431 1072 3502 quis
1095 3431 1129 3484 de
1152 3430 1234 3482 rebus
1257 3427 1388 3482 eiusmodi

284 3495 404 3550 scribere
420 3495 502 3563 velit,
527 3497 638 3566 primum
655 3515 671 3550 α
689 3515 742 3567 quo
758 3515 847 3552 earnm
863 3499 979 3569 cognitio
999 3499 1118 3570 coeperit
1134 3499 1238 3565 dicere,
1264 3497 1388 3568 undeque

285 3566 323 3619 ait
346 3564 465 3618 subsidia
490 3575 582 3636 nacta,
610 3582 715 3636 quoque
737 3575 815 3638 pacto
833 3579 942 3623 eatenus
959 3569 1120 3638 processerit
1136 3577 1165 3620 ut
1182 3563 1225 3620 vel
1244 3565 1335 3636 ipsos,
1363 3567 1386 3618 si

285 3635 336 3688 boc
353 3635 394 3687 ias
409 3642 452 3688 est
467 3633 556 3702 dicu,
572 3635 721 3704 Aegyptios
736 3653 767 3689 au
787 3653 899 3691 eremus.
935 3656 968 3692 ax
984 3637 1025 3691 bis
1041 3638 1124 3706 enim,
1142 3646 1204 3720 post
1215 3635 1388 3688 zoroastrem

283 3703 435 3773 ingentem,
460 3703 590 3757 Petosiris
607 3703 678 3757 locos
693 3654 840 3774 singui’aras
857 3707 1018 3777 permiscens
1054 3713 1179 3760 enecatum
1196 3705 1295 3776 dictis„
1307 3703 1387 3756 multa

283 3772 359 3827 iuxta
373 3771 446 3826 illum
463 3780 573 3828 conatur
586 3775 696 3827 docerer
714 3775 762 3828 scd
778 3783 866 3830 tamen
883 3793 935 3829 non
949 3795 1043 3847 quemv
1084 3793 1161 3830 unum
1179 3791 1211 3828 ea
1227 3775 1320 3840 docet,
1336 3773 1384 3826 aed

283 3841 354 3908 solos
376 3859 454 3908 suos,
481 3841 623 3912 horumque
639 3843 698 3897 illos
717 3843 804 3913 potius
822 3845 869 3928 qui
884 3846 939 3898 sint
954 3849 988 3900 ud
1005 3855 1106 3900 contem
1127 3843 1249 3897 lationem
1272 3841 1384 3895 habilio-

283 3929 338 3964 res.
373 3919 436 3981 post
449 3910 517 3964 bunc
529 3913 676 3982 Antigonus
690 3913 783 3966 divisit
795 3915 898 3982 quidem
916 3916 1079 3970 etdistinxit
1092 3913 1270 3984 osciplinsm,
1289 3911 1338 3965 sed
1350 3911 1383 3963 ad

283 3981 377 4034 crebra
393 3979 568 4035 astronomica
582 3983 739 4036 lineamento
756 4001 899 4038 conversus
915 3973 1123 4054 inexpssicabilem
1142 3982 1286 4035 molestiam
1300 3980 1383 4034 omtri·

284 4065 336 4118 qne
355 4048 516 4102 obscuritate
533 4052 656 4106 refertum
671 4054 701 4104 in
719 4051 889 4121 scriptionem
911 4053 1057 4108 introduxit
1074 4069 1156 4108 suam.
1192 4067 1261 4121 quse
1278 4051 1382 4104 Aristo·

281 4117 348 4171 tales
364 4117 495 4188 prodidit,
520 4121 656 4175 admodum
673 4123 779 4189 cognita
796 4132 867 4177 sunt.
902 4121 1062 4178 Heliodorus
1081 4135 1168 4177 sutem
1186 4131 1214 4173 et
1227 4119 1383 4185 Ascletario,

281 4183 386 4254 Dapsus
404 4185 547 4239 Thebanus
565 4225 695 4243 ........
714 4199 741 4244 et
761 4190 850 4244 Polles
867 4192 1019 4260 legiensis,
1046 4193 1143 4264 quique
1161 4191 1210 4244 hos
1227 4197 1316 4244 aetate
1333 4205 1381 4240 au-

280 4253 390 4306 teceasit
402 4254 507 4307 divinus
523 4255 703 4326 Ptolemaeus,
730 4257 864 4330 antiquam
878 4278 894 4313 a
907 4261 1019 4314 scientia
1038 4279 1147 4334 prorsus
1161 4258 1303 4328 dispellere
1317 4255 1381 4312 osli-

279 4320 367 4388 giuam
383 4337 436 4376 non
448 4333 607 4395 potueruut,
632 4327 752 4397 quemvis
766 4328 795 4382 id
810 4345 915 4400 quoque
930 4332 1038 4386 efficere
1055 4333 1152 4404 oppido
1170 4327 1269 4383 conati.
1306 4325 1382 4380 nobis
