2934 4868
517 377 767 454 PRAEFATIO·
1109 402 1191 454 mx

112 573 170 642 'Ad
182 573 403 642 versionem
416 583 520 640 autem
530 577 614 662 quod
625 583 749 660 attinet,
769 579 868 642 fateor
877 597 943 660 tna,
964 581 1192 666 quamvianthtt

48 699 95 742 aut
114 683 266 744 fecerim
293 682 426 742 necubi
446 701 496 741 mc
517 685 644 745 auctotia
659 686 807 744 aententia
821 685 955 764 fugeret,
975 689 1072 746 vereri
1088 695 1191 746 tamen

51 806 79 846 ne
90 788 276 871 aliquoties
292 804 317 844 a
331 803 412 844 vero
428 783 638 846 ebert-eveum.
681 788 793 848 etenim
806 807 867 848 non
878 807 973 869 pauca
987 788 1190 864 occurrebant,

53 909 119 970 qnae
143 886 331 973 quomodo
358 887 555 968 potissimum
578 899 727 950 verterem
744 888 887 950 dubitavi.
930 879 1118 952 obacufitatia
1133 910 1191 950 au-

56 1003 109 1050 tem
124 993 228 1072 culpa
245 991 379 1072 partim
391 991 467 1070 ipsit
478 992 567 1051 rebua
579 992 690 1072 partim
703 993 817 1052 auctori
827 991 1001 1070 tribuenda,
1024 995 1107 1054 cuiun
1120 1013 1192 1054 nra-

60 1097 94 1154 tin
103 1095 351 1176 perspicuitate
362 1093 490 1150 minime
502 1091 738 1153 commendatur.
773 1112 853 1177 'nam
864 1103 893 1151 et
904 1095 995 1152 verba
1009 1094 1191 1176 quandoque

61 1217 163 1277 parum
183 1199 317 1258 unitate
333 1203 387 1254 aut
399 1195 607 1271 insolentiori„
625 1205 659 1253 nt
673 1184 887 1278 mihiquitlem
899 1193 1072 1272 videbatur,
1094 1197 1192 1276 cigni-

63 1300 204 1362 fimticue
218 1299 411 1378 usurpavit3
433 1307 469 1357 ut
480 1315 698 1380 nonnunquam
709 1300 742 1358 in
752 1296 896 1376 tenende
906 1299 1007 1378 potina
1019 1315 1084 1371 retu
1092 1299 1192 1376 ipsam

64 1421 153 1485 qnam
180 1403 325 1463 solitam
346 1401 507 1460 verborum
529 1403 593 1460 vim
614 1399 833 1481 respiciendam
861 1378 1057 1482 putavetim}⁶
1082 1395 1193 1458 horum

65 1507 239 1566 cnbomm
252 1504 406 1584 pleraque
420 1503 454 1561 in
467 1500 567 1562 indice
583 1500 684 1561 rerum
696 1505 813 1578 notavi,
837 1501 960 1562 ediectia
979 1504 1046 1562 nliie
1058 1501 1193 1562 nonnul-

68 1607 120 1683 lia,
142 1627 236 1690 quae
261 1606 318 1665 vel
337 1608 371 1664 in
386 1607 494 1665 lexicis
506 1623 571 1664 nnn
582 1604 758 1664 inveneram
772 1605 822 1664 vel
837 1606 929 1667 eliam
944 1602 982 1662 cb
997 1622 1118 1664 caucam
1132 1625 1190 1666 no·
1200 1628 1229 1685 p.
1237 1626 1356 1668 nxmu

69 1709 162 1769 tande
189 1709 378 1768 arbitrabar.
421 1717 554 1771 ceterum
571 1707 669 1766 verain
692 1725 728 1767 en
743 1707 845 1788 magia
868 1703 1008 1772 addenda
1025 1704 1192 1784 videbuttu,

72 1810 154 1892 quod
174 1831 266 1893 quae
283 1811 367 1869 lactu
380 1807 471 1890 digua
485 1809 671 1890 opusculum·
679 1809 859 1884 contineret,
881 1803 922 1864 atl
935 1826 989 1868 ecc
1002 1811 1194 1889 potissimum

73 1916 235 1992 pertinere
259 1921 399 1993 apertum
418 1923 483 1971 erat
504 1913 589 1994 queit
612 1913 708 1972 rarius
731 1930 818 1970 curae
836 1919 882 1970 eet
896 1910 1076 1970 Graecarum
1088 1911 1194 1970 litera-

76 2035 143 2074 rum
156 2011 317 2076 studium.
359 2011 467 2074 eadam
480 2024 513 2074 ut
525 2013 585 2074 fida
599 2017 696 2094 megia
711 2032 804 2096 quam
817 2022 851 2071 nt
866 2011 987 2092 elegans
1003 2024 1096 2090 canat,
1118 2033 1194 2094 ope-

78 2137 143 2178 nm
161 2115 260 2193 decli,
289 2117 373 2176 etin
394 2114 531 2196 legendia
551 2117 667 2193 verbis,
693 2135 763 2176 cum
783 2125 943 2196 utrumque
963 2126 1113 2194 praestare
1131 2135 1194 2182 nnn

79 2239 225 2302 poam,
247 2219 455 2300 perspicuitati
470 2219 565 2278 malni
580 2237 673 2301 quam
691 2217 829 2278 dictioni·
843 2217 976 2280 castitati
984 2219 1150 2280 contulere.

167 2323 311 2401 Exposui
329 2320 463 2380 breviter
480 2339 557 2402 qnae
573 2320 684 2382 luboria
699 2339 785 2380 meae
801 2321 875 2380 ratio
893 2319 1001 2394 fuerit,
1023 2319 1193 2402 quibusque

14 2389 16 2456 l
84 2421 123 2483 tle
133 2422 226 2506 Lydo
242 2424 319 2484 bene
333 2423 447 2482 mereri
459 2419 637 2482 studuerim.
652 2431 654 2438 ’
679 2419 821 2506 equidem
838 2419 1026 2502 diligentiam
1039 2419 1117 2480 mibi
1130 2440 1194 2480 nnn

86 2525 218 2590 (lainiaco
232 2529 315 2590 auct
339 2543 404 2607 qua
424 2541 465 2584 an
483 2543 591 2605 operae
613 2525 744 2606 pretium
760 2524 901 2600 fecerim,
923 2523 1053 2582 aliorum
1067 2523 1127 2584 fuit
1141 2523 1197 2583 iu-

89 2627 198 2710 dicare,
220 2631 338 2717 quibua
354 2625 494 2686 laborem
508 2645 613 2687 meum
626 2626 740 2720 publici
754 2625 828 2685 inn'a
842 2625 907 2684 ieci
923 2623 1046 2708 placuit.

160 2735 349 2804 Suibebam
362 2731 521 2809 Lutetiae,
540 2730 629 2792 neuin
644 2730 722 2809 lul,
742 2747 822 2790 anno
841 2730 937 2793 1811.
1021 2781 1025 2790 .
