<?xml version="1.0" encoding="UTF-8"?>
<!DOCTYPE html PUBLIC "-//W3C//DTD XHTML 1.0 Transitional//EN"
    "http://www.w3.org/TR/xhtml1/DTD/xhtml1-transitional.dtd">
<html xmlns="http://www.w3.org/1999/xhtml" xml:lang="en" lang="en">
 <head>
  <title>
</title>
<meta http-equiv="Content-Type" content="text/html;charset=utf-8" />
  <meta name='ocr-system' content='tesseract 3.04.00' />
  <meta name='ocr-capabilities' content='ocr_page ocr_carea ocr_par ocr_line ocrx_word'/>
</head>
<body>
  <div class='ocr_page' id='page_1' title='image "./ioanneslydus00lydugoog/ioanneslydus00lydugoog_0194.png"; bbox 0 0 3078 4862; ppageno 0'>
   <div class='ocr_carea' id='block_1_1' title="bbox 375 299 1273 374">
    <p class='ocr_par' dir='ltr' id='par_1_1' title="bbox 375 299 1273 374">
     <span class='ocr_line' id='line_1_1' title="bbox 375 299 1273 374; baseline 0.004 -4"><span class='ocrx_word' id='word_1_1' title='bbox 375 303 433 370; x_wconf 87' lang='lat' dir='ltr'><strong><em>DE</em></strong></span> <span class='ocrx_word' id='word_1_2' title='bbox 454 299 797 370; x_wconf 74' lang='lat' dir='ltr'><strong>munlsrumnus</strong></span> <span class='ocrx_word' id='word_1_3' title='bbox 821 303 856 369; x_wconf 88' lang='lat' dir='ltr'><strong><em>P.</em></strong></span> <span class='ocrx_word' id='word_1_4' title='bbox 875 301 917 370; x_wconf 88' lang='lat' dir='ltr'><strong><em>R.</em></strong></span> <span class='ocrx_word' id='word_1_5' title='bbox 942 301 1070 372; x_wconf 74' lang='lat' dir='ltr'><strong>tuti</strong></span> <span class='ocrx_word' id='word_1_6' title='bbox 1200 301 1273 374; x_wconf 78' lang='lat'><strong><em>125</em></strong></span> 
     </span>
    </p>
   </div>
   <div class='ocr_carea' id='block_1_2' title="bbox 166 573 1299 773">
    <p class='ocr_par' dir='ltr' id='par_1_2' title="bbox 166 573 1299 773">
     <span class='ocr_line' id='line_1_2' title="bbox 166 573 1273 668; baseline -0.001 -22"><span class='ocrx_word' id='word_1_7' title='bbox 166 607 218 658; x_wconf 90' lang='grc' dir='ltr'><strong><em>νος</em></strong></span> <span class='ocrx_word' id='word_1_8' title='bbox 232 573 270 666; x_wconf 72' lang='grc' dir='ltr'><strong><em>ἦν</em></strong></span> <span class='ocrx_word' id='word_1_9' title='bbox 286 576 488 662; x_wconf 84' lang='grc' dir='ltr'><strong><em>ὃῬιομόλος,</em></strong></span> <span class='ocrx_word' id='word_1_10' title='bbox 513 587 634 666; x_wconf 81' lang='grc' dir='ltr'><strong><em>πρῶτον</em></strong></span> <span class='ocrx_word' id='word_1_11' title='bbox 649 581 705 661; x_wconf 79' lang='grc' dir='ltr'><strong><em>μίν</em></strong></span> <span class='ocrx_word' id='word_1_12' title='bbox 718 579 771 642; x_wconf 85' lang='grc' dir='ltr'><strong><em>τὸν</em></strong></span> <span class='ocrx_word' id='word_1_13' title='bbox 787 580 921 668; x_wconf 82' lang='grc' dir='ltr'><strong><em>ἀδελφόν</em></strong></span> <span class='ocrx_word' id='word_1_14' title='bbox 938 579 1052 646; x_wconf 82' lang='grc' dir='ltr'><strong><em>άνελών</em></strong></span> <span class='ocrx_word' id='word_1_15' title='bbox 1067 583 1117 646; x_wconf 82' lang='grc' dir='ltr'><strong><em>καί</em></strong></span> <span class='ocrx_word' id='word_1_16' title='bbox 1137 583 1190 646; x_wconf 83' lang='grc' dir='ltr'><strong><em>τὸν</em></strong></span> <span class='ocrx_word' id='word_1_17' title='bbox 1205 584 1273 664; x_wconf 86' lang='grc' dir='ltr'><strong><em>μεί-</em></strong></span> 
     </span>
     <span class='ocr_line' id='line_1_3' title="bbox 168 681 1299 773; baseline 0.002 -25"><span class='ocrx_word' id='word_1_18' title='bbox 168 689 256 764; x_wconf 83' lang='grc' dir='ltr'><strong><em>ζονα,</em></strong></span> <span class='ocrx_word' id='word_1_19' title='bbox 283 687 334 748; x_wconf 74' lang='grc' dir='ltr'><strong><em>καί</em></strong></span> <span class='ocrx_word' id='word_1_20' title='bbox 350 681 491 768; x_wconf 78' lang='grc' dir='ltr'><em>πράττων</em></span> <span class='ocrx_word' id='word_1_21' title='bbox 507 681 625 768; x_wconf 74' lang='grc' dir='ltr'><strong><em>ἀλόγως</em></strong></span> <span class='ocrx_word' id='word_1_22' title='bbox 640 682 678 746; x_wconf 82' lang='grc' dir='ltr'><strong><em>τά</em></strong></span> <span class='ocrx_word' id='word_1_23' title='bbox 693 687 930 768; x_wconf 89' lang='grc' dir='ltr'><strong><em>προσπίπτοντα.</em></strong></span> <span class='ocrx_word' id='word_1_24' title='bbox 981 682 1077 771; x_wconf 80' lang='grc' dir='ltr'><strong><em>ταύτῃ</em></strong></span> <span class='ocrx_word' id='word_1_25' title='bbox 1101 687 1151 750; x_wconf 75' lang='grc' dir='ltr'><strong><em>καί</em></strong></span> <span class='ocrx_word' id='word_1_26' title='bbox 1172 689 1273 773; x_wconf 81' lang='grc' dir='ltr'><strong><em>Κυρῖ-</em></strong></span> <span class='ocrx_word' id='word_1_27' title='bbox 1296 713 1299 726; x_wconf 75' lang='grc'><strong>’</strong></span> 
     </span>
    </p>
   </div>
   <div class='ocr_carea' id='block_1_3' title="bbox 21 469 1274 896">
    <p class='ocr_par' dir='ltr' id='par_1_3' title="bbox 21 367 1274 896">
     <span class='ocr_line' id='line_1_4' title="bbox 167 469 1274 565; baseline -0.013 -20.864"><span class='ocrx_word' id='word_1_28' title='bbox 167 469 244 544; x_wconf 86' lang='grc' dir='ltr'><strong><em>οατό</em></strong></span> <span class='ocrx_word' id='word_1_29' title='bbox 257 501 291 543; x_wconf 88' lang='grc' dir='ltr'><strong><em>τε</em></strong></span> <span class='ocrx_word' id='word_1_30' title='bbox 305 475 363 560; x_wconf 82' lang='grc' dir='ltr'><strong><em>τὴν</em></strong></span> <span class='ocrx_word' id='word_1_31' title='bbox 376 475 501 563; x_wconf 80' lang='grc' dir='ltr'><strong><em>ἤπειρον</em></strong></span> <span class='ocrx_word' id='word_1_32' title='bbox 516 477 566 541; x_wconf 80' lang='grc' dir='ltr'><strong><em>καί</em></strong></span> <span class='ocrx_word' id='word_1_33' title='bbox 580 485 645 552; x_wconf 77' lang='grc' dir='ltr'><strong><em>τοῖς</em></strong></span> <span class='ocrx_word' id='word_1_34' title='bbox 660 469 770 562; x_wconf 84' lang='grc' dir='ltr'><strong><em>φόροις</em></strong></span> <span class='ocrx_word' id='word_1_35' title='bbox 785 472 939 562; x_wconf 73' lang='grc' dir='ltr'><strong><em>ἓβάρυνεν.</em></strong></span> <span class='ocrx_word' id='word_1_36' title='bbox 992 477 1048 561; x_wconf 85' lang='grc'><strong><em>(5)</em></strong></span> <span class='ocrx_word' id='word_1_37' title='bbox 1067 475 1143 542; x_wconf 68' lang='grc' dir='ltr'><strong><em>ὥστε</em></strong></span> <span class='ocrx_word' id='word_1_38' title='bbox 1159 472 1274 565; x_wconf 63' lang='grc' dir='ltr'><strong><em>εὗραν.</em></strong></span> 
     </span>
     <span class='ocr_line' id='line_1_5' title="bbox 21 763 1270 896; baseline 0.002 -44"><span class='ocrx_word' id='word_1_39' title='bbox 21 763 25 896; x_wconf 54' lang='grc' dir='ltr'><strong><em>ί</em></strong></span> <span class='ocrx_word' id='word_1_40' title='bbox 167 813 219 864; x_wconf 88' lang='grc' dir='ltr'><strong><em>νος</em></strong></span> <span class='ocrx_word' id='word_1_41' title='bbox 235 784 471 874; x_wconf 74' lang='grc' dir='ltr'><strong><em>προσηγορεύθη</em></strong></span> <span class='ocrx_word' id='word_1_42' title='bbox 494 787 583 853; x_wconf 70' lang='lat' dir='ltr'><strong>dionei</strong></span> <span class='ocrx_word' id='word_1_43' title='bbox 606 783 726 872; x_wconf 81' lang='grc' dir='ltr'><strong><em>κάρτος,</em></strong></span> <span class='ocrx_word' id='word_1_44' title='bbox 752 785 809 850; x_wconf 83' lang='grc' dir='ltr'><strong><em>κάν</em></strong></span> <span class='ocrx_word' id='word_1_45' title='bbox 832 787 858 852; x_wconf 82' lang='grc' dir='ltr'><strong><em>εί</em></strong></span> <span class='ocrx_word' id='word_1_46' title='bbox 880 787 1068 878; x_wconf 73' lang='grc' dir='ltr'><strong><em>Διογενιανῷ</em></strong></span> <span class='ocrx_word' id='word_1_47' title='bbox 1089 795 1133 876; x_wconf 81' lang='grc' dir='ltr'><strong><em>τῷ</em></strong></span> <span class='ocrx_word' id='word_1_48' title='bbox 1154 795 1270 866; x_wconf 85' lang='grc' dir='ltr'><strong><em>λεξικο-</em></strong></span> 
     </span>
    </p>
   </div>
   <div class='ocr_carea' id='block_1_4' title="bbox 21 886 1273 1280">
    <p class='ocr_par' dir='ltr' id='par_1_4' title="bbox 21 886 1273 1280">
     <span class='ocr_line' id='line_1_6' title="bbox 144 886 1271 978; baseline 0.004 -24"><span class='ocrx_word' id='word_1_49' title='bbox 144 887 279 977; x_wconf 69' lang='grc' dir='ltr'><strong><em>ὅγράριρ</em></strong></span> <span class='ocrx_word' id='word_1_50' title='bbox 294 889 396 967; x_wconf 84' lang='grc' dir='ltr'><strong><em>άλλως</em></strong></span> <span class='ocrx_word' id='word_1_51' title='bbox 409 893 501 978; x_wconf 78' lang='grc' dir='ltr'><strong><em>δοκῇ·</em></strong></span> <span class='ocrx_word' id='word_1_52' title='bbox 528 890 599 955; x_wconf 76' lang='grc' dir='ltr'><strong><em>οὐδὲ</em></strong></span> <span class='ocrx_word' id='word_1_53' title='bbox 613 888 671 976; x_wconf 81' lang='grc' dir='ltr'><strong><em>γὰρ</em></strong></span> <span class='ocrx_word' id='word_1_54' title='bbox 687 886 839 974; x_wconf 75' lang='grc' dir='ltr'><strong><em>ἀγνοήσας</em></strong></span> <span class='ocrx_word' id='word_1_55' title='bbox 852 886 869 954; x_wconf 85' lang='lat' dir='ltr'><strong>d</strong></span> <span class='ocrx_word' id='word_1_56' title='bbox 881 887 1069 975; x_wconf 73' lang='grc' dir='ltr'><strong><em>Ῥεοριόλοςῆ</em></strong></span> <span class='ocrx_word' id='word_1_57' title='bbox 1086 892 1115 956; x_wconf 86' lang='lat' dir='ltr'><strong>oi</strong></span> <span class='ocrx_word' id='word_1_58' title='bbox 1131 894 1194 956; x_wconf 82' lang='grc' dir='ltr'><strong><em>κατ’</em></strong></span> <span class='ocrx_word' id='word_1_59' title='bbox 1212 894 1271 958; x_wconf 79' lang='grc' dir='ltr'><strong><em>αὖ·</em></strong></span> 
     </span>
     <span class='ocr_line' id='line_1_7' title="bbox 21 989 1273 1280; baseline 0.002 -222"><span class='ocrx_word' id='word_1_60' title='bbox 21 1037 25 1280; x_wconf 71' lang='grc' dir='ltr'><strong><em>ρ</em></strong></span> <span class='ocrx_word' id='word_1_61' title='bbox 165 993 219 1059; x_wconf 83' lang='grc' dir='ltr'><strong><em>τὸν</em></strong></span> <span class='ocrx_word' id='word_1_62' title='bbox 236 995 387 1058; x_wconf 85' lang='grc' dir='ltr'><strong><em>δείκνυται</em></strong></span> <span class='ocrx_word' id='word_1_63' title='bbox 402 995 472 1058; x_wconf 79' lang='grc' dir='ltr'><strong><em>κατ’</em></strong></span> <span class='ocrx_word' id='word_1_64' title='bbox 489 995 583 1094; x_wconf 72' lang='grc' dir='ltr'><strong><em>ἐκεῖνο</em></strong></span> <span class='ocrx_word' id='word_1_65' title='bbox 599 999 708 1080; x_wconf 74' lang='grc' dir='ltr'><strong><em>καιροῦ</em></strong></span> <span class='ocrx_word' id='word_1_66' title='bbox 723 992 780 1076; x_wconf 80' lang='grc' dir='ltr'><strong><em>τὴν</em></strong></span> <span class='ocrx_word' id='word_1_67' title='bbox 787 989 922 1059; x_wconf 86' lang='grc' dir='ltr'><strong><em>Ἑλλάδα</em></strong></span> <span class='ocrx_word' id='word_1_68' title='bbox 935 993 1049 1080; x_wconf 80' lang='grc' dir='ltr'><strong><em>φωνήν,</em></strong></span> <span class='ocrx_word' id='word_1_69' title='bbox 1066 996 1122 1078; x_wconf 77' lang='grc' dir='ltr'><strong><em>τὴν</em></strong></span> <span class='ocrx_word' id='word_1_70' title='bbox 1136 998 1273 1061; x_wconf 75' lang='grc' dir='ltr'><strong><em>Αἰολίδα</em></strong></span> 
     </span>
    </p>
   </div>
   <div class='ocr_carea' id='block_1_5' title="bbox 21 1094 1361 2838">
    <p class='ocr_par' dir='ltr' id='par_1_5' title="bbox 166 1094 1272 1288">
     <span class='ocr_line' id='line_1_8' title="bbox 167 1094 1271 1184; baseline 0.004 -24"><span class='ocrx_word' id='word_1_71' title='bbox 167 1100 261 1182; x_wconf 78' lang='grc' dir='ltr'><strong><em>λόγον,</em></strong></span> <span class='ocrx_word' id='word_1_72' title='bbox 288 1096 331 1174; x_wconf 76' lang='grc' dir='ltr'><strong><em>ὥς</em></strong></span> <span class='ocrx_word' id='word_1_73' title='bbox 343 1123 438 1184; x_wconf 85' lang='grc' dir='ltr'><strong><em>φασιν</em></strong></span> <span class='ocrx_word' id='word_1_74' title='bbox 454 1096 516 1163; x_wconf 78' lang='grc' dir='ltr'><strong><em>ὅτε</em></strong></span> <span class='ocrx_word' id='word_1_75' title='bbox 530 1094 645 1162; x_wconf 81' lang='grc' dir='ltr'><strong><em>Κάτων</em></strong></span> <span class='ocrx_word' id='word_1_76' title='bbox 662 1098 694 1161; x_wconf 70' lang='grc' dir='ltr'><strong><em>ἓν</em></strong></span> <span class='ocrx_word' id='word_1_77' title='bbox 716 1103 761 1184; x_wconf 77' lang='grc' dir='ltr'><strong><em>τῷ</em></strong></span> <span class='ocrx_word' id='word_1_78' title='bbox 783 1099 851 1184; x_wconf 77' lang='grc' dir='ltr'><strong><em>περὶ</em></strong></span> <span class='ocrx_word' id='word_1_79' title='bbox 868 1094 1039 1182; x_wconf 81' lang='grc' dir='ltr'><strong><em>Ῥωμαϊκῆς</em></strong></span> <span class='ocrx_word' id='word_1_80' title='bbox 1061 1097 1271 1184; x_wconf 83' lang='grc' dir='ltr'><strong><em>ἀρχαιότητος,</em></strong></span> 
     </span>
     <span class='ocr_line' id='line_1_9' title="bbox 166 1197 1272 1288; baseline 0.003 -24"><span class='ocrx_word' id='word_1_81' title='bbox 166 1200 304 1288; x_wconf 85' lang='grc' dir='ltr'><strong><em>Βάρρων</em></strong></span> <span class='ocrx_word' id='word_1_82' title='bbox 325 1227 356 1266; x_wconf 84' lang='grc' dir='ltr'><strong><em>τε</em></strong></span> <span class='ocrx_word' id='word_1_83' title='bbox 378 1197 395 1266; x_wconf 82' lang='grc' dir='ltr'><em>ὃ</em></span> <span class='ocrx_word' id='word_1_84' title='bbox 412 1203 687 1283; x_wconf 74' lang='grc' dir='ltr'><strong><em>πολυμαθέστατος</em></strong></span> <span class='ocrx_word' id='word_1_85' title='bbox 704 1201 736 1265; x_wconf 71' lang='grc' dir='ltr'><strong><em>ἐν</em></strong></span> <span class='ocrx_word' id='word_1_86' title='bbox 753 1202 999 1286; x_wconf 79' lang='grc' dir='ltr'><strong><em>προοιμίοιςτῶν</em></strong></span> <span class='ocrx_word' id='word_1_87' title='bbox 1015 1201 1092 1288; x_wconf 84' lang='grc' dir='ltr'><strong><em>πρός</em></strong></span> <span class='ocrx_word' id='word_1_88' title='bbox 1108 1201 1272 1284; x_wconf 79' lang='grc' dir='ltr'><strong><em>Πομπήϊον</em></strong></span> 
     </span>
    </p>

    <p class='ocr_par' dir='ltr' id='par_1_6' title="bbox 168 1302 1355 1392">
     <span class='ocr_line' id='line_1_10' title="bbox 168 1302 1355 1392; baseline 0 -24"><span class='ocrx_word' id='word_1_89' title='bbox 168 1305 253 1391; x_wconf 74' lang='grc' dir='ltr'><strong><em>αὐτῷ</em></strong></span> <span class='ocrx_word' id='word_1_90' title='bbox 268 1305 499 1390; x_wconf 86' lang='grc' dir='ltr'><strong><em>γεγραμμίνων,</em></strong></span> <span class='ocrx_word' id='word_1_91' title='bbox 529 1302 693 1390; x_wconf 76' lang='grc' dir='ltr'><strong><em>Εὐάνδρου</em></strong></span> <span class='ocrx_word' id='word_1_92' title='bbox 708 1305 759 1368; x_wconf 78' lang='grc' dir='ltr'><strong><em>καί</em></strong></span> <span class='ocrx_word' id='word_1_93' title='bbox 775 1310 836 1369; x_wconf 81' lang='grc' dir='ltr'><strong><em>τῶν</em></strong></span> <span class='ocrx_word' id='word_1_94' title='bbox 852 1303 953 1369; x_wconf 75' lang='grc' dir='ltr'><strong><em>ἄλλων</em></strong></span> <span class='ocrx_word' id='word_1_95' title='bbox 962 1303 1120 1392; x_wconf 82' lang='grc' dir='ltr'><strong><em>Ἀρκάδων</em></strong></span> <span class='ocrx_word' id='word_1_96' title='bbox 1137 1307 1179 1381; x_wconf 85' lang='grc' dir='ltr'><strong><em>είς</em></strong></span> <span class='ocrx_word' id='word_1_97' title='bbox 1192 1305 1272 1370; x_wconf 82' lang='grc' dir='ltr'><strong><em>Ἰτα-</em></strong></span> <span class='ocrx_word' id='word_1_98' title='bbox 1351 1371 1355 1384; x_wconf 67' lang='grc'><strong><em>,</em></strong></span> 
     </span>
    </p>

    <p class='ocr_par' dir='ltr' id='par_1_7' title="bbox 21 1399 1361 2838">
     <span class='ocr_line' id='line_1_11' title="bbox 21 1399 1361 1500; baseline -0.001 -26"><span class='ocrx_word' id='word_1_99' title='bbox 21 1399 22 1404; x_wconf 23' lang='lat'>¹</span> <span class='ocrx_word' id='word_1_100' title='bbox 129 1422 164 1476; x_wconf 86' lang='grc'><strong><em>10</em></strong></span> <span class='ocrx_word' id='word_1_101' title='bbox 170 1409 237 1500; x_wconf 86' lang='grc' dir='ltr'><strong><em>λίαν</em></strong></span> <span class='ocrx_word' id='word_1_102' title='bbox 251 1406 405 1472; x_wconf 69' lang='grc' dir='ltr'><strong><em>ἐλθόντοιν</em></strong></span> <span class='ocrx_word' id='word_1_103' title='bbox 418 1409 491 1472; x_wconf 82' lang='grc' dir='ltr'><strong><em>ποτὲ</em></strong></span> <span class='ocrx_word' id='word_1_104' title='bbox 505 1410 556 1472; x_wconf 81' lang='grc' dir='ltr'><strong><em>καί</em></strong></span> <span class='ocrx_word' id='word_1_105' title='bbox 572 1407 625 1491; x_wconf 77' lang='grc' dir='ltr'><strong><em>τὴν</em></strong></span> <span class='ocrx_word' id='word_1_106' title='bbox 638 1408 775 1472; x_wconf 68' lang='grc' dir='ltr'><strong><em>Αἰολίδα</em></strong></span> <span class='ocrx_word' id='word_1_107' title='bbox 788 1417 852 1484; x_wconf 77' lang='grc' dir='ltr'><strong><em>τοῖς</em></strong></span> <span class='ocrx_word' id='word_1_108' title='bbox 865 1406 1039 1496; x_wconf 79' lang='grc' dir='ltr'><strong><em>βαρβάροις</em></strong></span> <span class='ocrx_word' id='word_1_109' title='bbox 1054 1405 1272 1494; x_wconf 74' lang='grc' dir='ltr'><strong><em>δνσπειράντιον</em></strong></span> <span class='ocrx_word' id='word_1_110' title='bbox 1358 1425 1361 1432; x_wconf 86' lang='grc'><strong>’</strong></span> 
     </span>
     <span class='ocr_line' id='line_1_12' title="bbox 169 1507 1273 1599; baseline 0.004 -27"><span class='ocrx_word' id='word_1_111' title='bbox 169 1507 285 1599; x_wconf 74' lang='grc' dir='ltr'><strong><em>φωνήν.</em></strong></span> <span class='ocrx_word' id='word_1_112' title='bbox 335 1508 356 1594; x_wconf 76' lang='grc' dir='ltr'><em>ἡ</em></span> <span class='ocrx_word' id='word_1_113' title='bbox 370 1509 429 1597; x_wconf 86' lang='grc' dir='ltr'><strong><em>γὰρ</em></strong></span> <span class='ocrx_word' id='word_1_114' title='bbox 442 1519 665 1597; x_wconf 77' lang='grc' dir='ltr'><strong><em>γραμματικοῖς</em></strong></span> <span class='ocrx_word' id='word_1_115' title='bbox 677 1510 762 1596; x_wconf 80' lang='grc' dir='ltr'><strong><em>παρὰ</em></strong></span> <span class='ocrx_word' id='word_1_116' title='bbox 775 1509 888 1594; x_wconf 78' lang='grc' dir='ltr'><strong><em>ταύτην</em></strong></span> <span class='ocrx_word' id='word_1_117' title='bbox 901 1513 1078 1596; x_wconf 85' lang='grc' dir='ltr'><strong><em>είσαγομίνη</em></strong></span> <span class='ocrx_word' id='word_1_118' title='bbox 1092 1513 1273 1596; x_wconf 83' lang='grc' dir='ltr'><strong><em>ίτομολογία</em></strong></span> 
     </span>
     <span class='ocr_line' id='line_1_13' title="bbox 169 1611 1272 1702; baseline 0 -24"><span class='ocrx_word' id='word_1_119' title='bbox 169 1613 248 1698; x_wconf 84' lang='grc' dir='ltr'><strong><em>μετά</em></strong></span> <span class='ocrx_word' id='word_1_120' title='bbox 269 1611 448 1698; x_wconf 78' lang='grc' dir='ltr'><strong><em>συγγνώμης</em></strong></span> <span class='ocrx_word' id='word_1_121' title='bbox 468 1617 648 1696; x_wconf 84' lang='grc' dir='ltr'><strong><em>βεβίασται·</em></strong></span> <span class='ocrx_word' id='word_1_122' title='bbox 673 1613 734 1678; x_wconf 86' lang='grc' dir='ltr'><strong><em>άπὸ</em></strong></span> <span class='ocrx_word' id='word_1_123' title='bbox 756 1611 885 1701; x_wconf 71' lang='grc' dir='ltr'><strong><em>Κόρεσος</em></strong></span> <span class='ocrx_word' id='word_1_124' title='bbox 906 1612 983 1702; x_wconf 91' lang='grc' dir='ltr'><strong><em>γάρ,</em></strong></span> <span class='ocrx_word' id='word_1_125' title='bbox 1007 1618 1150 1698; x_wconf 80' lang='grc' dir='ltr'><strong><em>πολίχνης</em></strong></span> <span class='ocrx_word' id='word_1_126' title='bbox 1172 1616 1272 1698; x_wconf 75' lang='grc' dir='ltr'><strong><em>Σαβί-</em></strong></span> 
     </span>
     <span class='ocr_line' id='line_1_14' title="bbox 167 1715 1274 1805; baseline 0.001 -24"><span class='ocrx_word' id='word_1_127' title='bbox 167 1742 241 1795; x_wconf 85' lang='grc' dir='ltr'><strong><em>νων,</em></strong></span> <span class='ocrx_word' id='word_1_128' title='bbox 266 1715 363 1794; x_wconf 79' lang='grc' dir='ltr'><strong><em>οὕτως</em></strong></span> <span class='ocrx_word' id='word_1_129' title='bbox 379 1717 471 1781; x_wconf 82' lang='grc' dir='ltr'><strong><em>αὐτὸν</em></strong></span> <span class='ocrx_word' id='word_1_130' title='bbox 482 1722 761 1805; x_wconf 81' lang='grc' dir='ltr'><strong><em>παρονομασθῆναι</em></strong></span> <span class='ocrx_word' id='word_1_131' title='bbox 773 1715 948 1798; x_wconf 85' lang='grc' dir='ltr'><strong><em>βοόλονται,</em></strong></span> <span class='ocrx_word' id='word_1_132' title='bbox 970 1720 1077 1805; x_wconf 87' lang='grc' dir='ltr'><strong><em>καίπερ</em></strong></span> <span class='ocrx_word' id='word_1_133' title='bbox 1095 1719 1152 1801; x_wconf 79' lang='grc' dir='ltr'><strong><em>οὐχ</em></strong></span> <span class='ocrx_word' id='word_1_134' title='bbox 1169 1715 1274 1804; x_wconf 79' lang='grc' dir='ltr'><strong><em>ὁρμαί-</em></strong></span> 
     </span>
     <span class='ocr_line' id='line_1_15' title="bbox 169 1820 1273 1909; baseline 0 -23"><span class='ocrx_word' id='word_1_135' title='bbox 169 1845 260 1904; x_wconf 84' lang='grc' dir='ltr'><strong><em>μενον</em></strong></span> <span class='ocrx_word' id='word_1_136' title='bbox 272 1821 403 1899; x_wconf 78' lang='grc' dir='ltr'><strong><em>ίκιΐθεν,</em></strong></span> <span class='ocrx_word' id='word_1_137' title='bbox 434 1822 483 1884; x_wconf 71' lang='grc' dir='ltr'><strong><em>ἐπὶ</em></strong></span> <span class='ocrx_word' id='word_1_138' title='bbox 506 1823 541 1886; x_wconf 79' lang='grc' dir='ltr'><strong><em>δὲ</em></strong></span> <span class='ocrx_word' id='word_1_139' title='bbox 562 1827 617 1886; x_wconf 77' lang='grc' dir='ltr'><strong><em>τοῦ</em></strong></span> <span class='ocrx_word' id='word_1_140' title='bbox 631 1820 811 1884; x_wconf 88' lang='grc' dir='ltr'><strong><em>Παλατίνον</em></strong></span> <span class='ocrx_word' id='word_1_141' title='bbox 832 1827 946 1903; x_wconf 80' lang='grc' dir='ltr'><strong><em>βουνοῦ</em></strong></span> <span class='ocrx_word' id='word_1_142' title='bbox 968 1823 1116 1904; x_wconf 71' lang='grc' dir='ltr'><strong><em>τεχθέντα</em></strong></span> <span class='ocrx_word' id='word_1_143' title='bbox 1135 1847 1166 1886; x_wconf 84' lang='grc' dir='ltr'><strong><em>τε</em></strong></span> <span class='ocrx_word' id='word_1_144' title='bbox 1188 1821 1273 1909; x_wconf 83' lang='grc' dir='ltr'><strong><em>παριλ</em></strong></span> 
     </span>
     <span class='ocr_line' id='line_1_16' title="bbox 21 1915 1274 2012; baseline -0.004 -19"><span class='ocrx_word' id='word_1_145' title='bbox 21 1945 22 1952; x_wconf 77' lang='grc'>’</span> <span class='ocrx_word' id='word_1_146' title='bbox 132 1938 164 1993; x_wconf 83' lang='grc'><strong><em>15</em></strong></span> <span class='ocrx_word' id='word_1_147' title='bbox 172 1933 238 2000; x_wconf 78' lang='grc' dir='ltr'><strong><em>ταῖς</em></strong></span> <span class='ocrx_word' id='word_1_148' title='bbox 250 1922 363 2007; x_wconf 78' lang='grc' dir='ltr'><strong><em>ὄχθαις</em></strong></span> <span class='ocrx_word' id='word_1_149' title='bbox 375 1930 430 1988; x_wconf 85' lang='grc' dir='ltr'><strong><em>τοῦ</em></strong></span> <span class='ocrx_word' id='word_1_150' title='bbox 448 1924 610 2010; x_wconf 77' lang='grc' dir='ltr'><strong><em>Τιβίριδος</em></strong></span> <span class='ocrx_word' id='word_1_151' title='bbox 626 1925 677 1989; x_wconf 82' lang='grc' dir='ltr'><strong><em>καί</em></strong></span> <span class='ocrx_word' id='word_1_152' title='bbox 692 1924 847 2011; x_wconf 72' lang='grc' dir='ltr'><strong><em>τραφέντα</em></strong></span> <span class='ocrx_word' id='word_1_153' title='bbox 860 1927 931 1990; x_wconf 69' lang='grc' dir='ltr'><strong><em>ἐκεῖ.</em></strong></span> <span class='ocrx_word' id='word_1_154' title='bbox 982 1927 1106 2012; x_wconf 88' lang='grc' dir='ltr'><strong><em>κυρίους</em></strong></span> <span class='ocrx_word' id='word_1_155' title='bbox 1126 1925 1185 2012; x_wconf 80' lang='grc' dir='ltr'><strong><em>γάρ</em></strong></span> <span class='ocrx_word' id='word_1_156' title='bbox 1201 1915 1274 1990; x_wconf 67' lang='grc' dir='ltr'><strong><em>ἑάν-</em></strong></span> 
     </span>
     <span class='ocr_line' id='line_1_17' title="bbox 170 2023 1273 2114; baseline 0.002 -22"><span class='ocrx_word' id='word_1_157' title='bbox 170 2027 243 2103; x_wconf 80' lang='grc' dir='ltr'><strong><em>τοδς</em></strong></span> <span class='ocrx_word' id='word_1_158' title='bbox 258 2030 308 2090; x_wconf 81' lang='grc' dir='ltr'><strong><em>καί</em></strong></span> <span class='ocrx_word' id='word_1_159' title='bbox 326 2023 491 2105; x_wconf 89' lang='grc' dir='ltr'><strong><em>δεσπότας,</em></strong></span> <span class='ocrx_word' id='word_1_160' title='bbox 510 2027 575 2092; x_wconf 75' lang='grc' dir='ltr'><strong><em>ἀλλ’</em></strong></span> <span class='ocrx_word' id='word_1_161' title='bbox 592 2027 628 2092; x_wconf 83' lang='lat' dir='ltr'><strong>ori</strong></span> <span class='ocrx_word' id='word_1_162' title='bbox 642 2029 789 2110; x_wconf 76' lang='grc' dir='ltr'><strong><em>βασιλέας</em></strong></span> <span class='ocrx_word' id='word_1_163' title='bbox 802 2025 943 2112; x_wconf 77' lang='grc' dir='ltr'><strong><em>τύραννοι</em></strong></span> <span class='ocrx_word' id='word_1_164' title='bbox 960 2033 1083 2114; x_wconf 81' lang='grc' dir='ltr'><strong><em>φιλοῦσι</em></strong></span> <span class='ocrx_word' id='word_1_165' title='bbox 1098 2033 1273 2094; x_wconf 77' lang='grc' dir='ltr'><strong><em>καλεῖσθαι.</em></strong></span> 
     </span>
     <span class='ocr_line' id='line_1_18' title="bbox 171 2129 1274 2217; baseline -0.002 -19"><span class='ocrx_word' id='word_1_166' title='bbox 171 2129 237 2212; x_wconf 86' lang='grc'><strong><em>(6)</em></strong></span> <span class='ocrx_word' id='word_1_167' title='bbox 264 2139 399 2216; x_wconf 85' lang='grc' dir='ltr'><strong><em>κρεῖττον</em></strong></span> <span class='ocrx_word' id='word_1_168' title='bbox 414 2131 448 2194; x_wconf 77' lang='grc' dir='ltr'><strong><em>δὲ</em></strong></span> <span class='ocrx_word' id='word_1_169' title='bbox 461 2132 620 2212; x_wconf 77' lang='grc' dir='ltr'><strong><em>βασιλείας</em></strong></span> <span class='ocrx_word' id='word_1_170' title='bbox 634 2129 669 2196; x_wconf 84' lang='grc' dir='ltr'><strong><em>τό</em></strong></span> <span class='ocrx_word' id='word_1_171' title='bbox 683 2132 844 2217; x_wconf 79' lang='grc' dir='ltr'><strong><em>Καίσαρος</em></strong></span> <span class='ocrx_word' id='word_1_172' title='bbox 859 2131 979 2212; x_wconf 79' lang='grc' dir='ltr'><strong><em>ἀξίωμα</em></strong></span> <span class='ocrx_word' id='word_1_173' title='bbox 984 2179 995 2210; x_wconf 92' lang='grc'><strong><em>,</em></strong></span> <span class='ocrx_word' id='word_1_174' title='bbox 1031 2130 1077 2196; x_wconf 85' lang='grc' dir='ltr'><strong><em>ότι</em></strong></span> <span class='ocrx_word' id='word_1_175' title='bbox 1098 2134 1148 2196; x_wconf 80' lang='grc' dir='ltr'><strong><em>καί</em></strong></span> <span class='ocrx_word' id='word_1_176' title='bbox 1166 2135 1274 2197; x_wconf 82' lang='grc' dir='ltr'><strong><em>δοῦναι</em></strong></span> 
     </span>
     <span class='ocr_line' id='line_1_19' title="bbox 170 2231 1274 2322; baseline 0.001 -25"><span class='ocrx_word' id='word_1_177' title='bbox 170 2234 317 2315; x_wconf 70' lang='grc' dir='ltr'><strong><em>βασιλέας</em></strong></span> <span class='ocrx_word' id='word_1_178' title='bbox 332 2231 427 2298; x_wconf 90' lang='grc' dir='ltr'><strong><em>πάλαι</em></strong></span> <span class='ocrx_word' id='word_1_179' title='bbox 441 2243 505 2310; x_wconf 85' lang='grc' dir='ltr'><strong><em>τοΐς</em></strong></span> <span class='ocrx_word' id='word_1_180' title='bbox 518 2233 637 2298; x_wconf 78' lang='grc' dir='ltr'><strong><em>ίθνεσιν</em></strong></span> <span class='ocrx_word' id='word_1_181' title='bbox 653 2233 703 2298; x_wconf 76' lang='grc' dir='ltr'><strong><em>ἐπ’</em></strong></span> <span class='ocrx_word' id='word_1_182' title='bbox 726 2235 865 2311; x_wconf 75' lang='grc' dir='ltr'><strong><em>δ’ξονσίας</em></strong></span> <span class='ocrx_word' id='word_1_183' title='bbox 883 2232 953 2317; x_wconf 83' lang='grc' dir='ltr'><strong><em>είχε.</em></strong></span> <span class='ocrx_word' id='word_1_184' title='bbox 1003 2233 1131 2319; x_wconf 80' lang='grc' dir='ltr'><strong><em>μισητὸν</em></strong></span> <span class='ocrx_word' id='word_1_185' title='bbox 1145 2234 1205 2322; x_wconf 80' lang='grc' dir='ltr'><strong><em>γάρ</em></strong></span> <span class='ocrx_word' id='word_1_186' title='bbox 1221 2237 1274 2299; x_wconf 78' lang='grc' dir='ltr'><strong><em>καὶ</em></strong></span> 
     </span>
     <span class='ocr_line' id='line_1_20' title="bbox 167 2331 1275 2424; baseline 0.002 -24"><span class='ocrx_word' id='word_1_187' title='bbox 167 2331 338 2420; x_wconf 70' lang='grc' dir='ltr'><strong><em>Ῥωμαῖκῆς</em></strong></span> <span class='ocrx_word' id='word_1_188' title='bbox 366 2338 541 2424; x_wconf 77' lang='grc' dir='ltr'><strong><em>ἐλευθερίας</em></strong></span> <span class='ocrx_word' id='word_1_189' title='bbox 569 2333 729 2424; x_wconf 80' lang='grc' dir='ltr'><strong><em>ἀλλότριον</em></strong></span> <span class='ocrx_word' id='word_1_190' title='bbox 758 2336 924 2416; x_wconf 84' lang='grc' dir='ltr'><strong><em>δεσπότας,</em></strong></span> <span class='ocrx_word' id='word_1_191' title='bbox 961 2335 1040 2401; x_wconf 79' lang='grc' dir='ltr'><strong><em>ἀλλὰ</em></strong></span> <span class='ocrx_word' id='word_1_192' title='bbox 1064 2338 1109 2422; x_wconf 79' lang='grc' dir='ltr'><strong><em>μὴ</em></strong></span> <span class='ocrx_word' id='word_1_193' title='bbox 1128 2339 1275 2419; x_wconf 72' lang='grc' dir='ltr'><strong><em>βασιλέας</em></strong></span> 
     </span>
     <span class='ocr_line' id='line_1_21' title="bbox 130 2437 1275 2527; baseline -0.003 -21"><span class='ocrx_word' id='word_1_194' title='bbox 130 2439 245 2516; x_wconf 65' lang='grc' dir='ltr'><strong><em>λῦτοδς</em></strong></span> <span class='ocrx_word' id='word_1_195' title='bbox 257 2445 446 2527; x_wconf 75' lang='grc' dir='ltr'><strong><em>κρατοῦντας</em></strong></span> <span class='ocrx_word' id='word_1_196' title='bbox 461 2438 636 2523; x_wconf 82' lang='grc' dir='ltr'><strong><em>ὀνομάζειν,</em></strong></span> <span class='ocrx_word' id='word_1_197' title='bbox 664 2437 776 2506; x_wconf 88' lang='grc' dir='ltr'><strong><em>καθότι</em></strong></span> <span class='ocrx_word' id='word_1_198' title='bbox 792 2438 940 2524; x_wconf 87' lang='grc' dir='ltr'><strong><em>δεσπότης</em></strong></span> <span class='ocrx_word' id='word_1_199' title='bbox 960 2439 1057 2522; x_wconf 80' lang='grc' dir='ltr'><strong><em>ὄνομα</em></strong></span> <span class='ocrx_word' id='word_1_200' title='bbox 1078 2439 1177 2504; x_wconf 86' lang='grc' dir='ltr'><strong><em>κοινόν</em></strong></span> <span class='ocrx_word' id='word_1_201' title='bbox 1194 2443 1275 2506; x_wconf 70' lang='grc' dir='ltr'><strong><em>ἔστιν</em></strong></span> 
     </span>
     <span class='ocr_line' id='line_1_22' title="bbox 173 2542 1274 2631; baseline 0.002 -23"><span class='ocrx_word' id='word_1_202' title='bbox 173 2542 276 2620; x_wconf 62' lang='lat' dir='ltr'><strong>adroic</strong></span> <span class='ocrx_word' id='word_1_203' title='bbox 291 2545 419 2621; x_wconf 76' lang='grc' dir='ltr'><strong><em>καὶτοῖς</em></strong></span> <span class='ocrx_word' id='word_1_204' title='bbox 434 2545 486 2610; x_wconf 68' lang='grc' dir='ltr'><strong><em>ἕνα</em></strong></span> <span class='ocrx_word' id='word_1_205' title='bbox 501 2543 653 2631; x_wconf 71' lang='grc' dir='ltr'><strong><em>δραπέτην</em></strong></span> <span class='ocrx_word' id='word_1_206' title='bbox 668 2545 876 2627; x_wconf 71' lang='grc' dir='ltr'><strong><em>κεκτημένοις,</em></strong></span> <span class='ocrx_word' id='word_1_207' title='bbox 910 2543 946 2609; x_wconf 81' lang='grc' dir='ltr'><strong><em>τό</em></strong></span> <span class='ocrx_word' id='word_1_208' title='bbox 961 2545 995 2608; x_wconf 74' lang='lat' dir='ltr'><strong>di</strong></span> <span class='ocrx_word' id='word_1_209' title='bbox 1006 2543 1158 2625; x_wconf 73' lang='grc' dir='ltr'><strong><em>βασιλέων</em></strong></span> <span class='ocrx_word' id='word_1_210' title='bbox 1173 2542 1274 2610; x_wconf 75' lang='grc' dir='ltr'><strong><em>αὐτῶν</em></strong></span> 
     </span>
     <span class='ocr_line' id='line_1_23' title="bbox 172 2643 1275 2737; baseline -0.003 -25"><span class='ocrx_word' id='word_1_211' title='bbox 172 2647 224 2712; x_wconf 74' lang='grc' dir='ltr'><strong><em>καὶ</em></strong></span> <span class='ocrx_word' id='word_1_212' title='bbox 236 2645 348 2728; x_wconf 80' lang='grc' dir='ltr'><strong><em>μόνον.</em></strong></span> <span class='ocrx_word' id='word_1_213' title='bbox 393 2650 443 2712; x_wconf 82' lang='grc' dir='ltr'><strong><em>καί</em></strong></span> <span class='ocrx_word' id='word_1_214' title='bbox 458 2651 551 2730; x_wconf 79' lang='grc' dir='ltr'><strong><em>δῆλον</em></strong></span> <span class='ocrx_word' id='word_1_215' title='bbox 565 2646 706 2732; x_wconf 75' lang='grc' dir='ltr'><strong><em>ἀντικρὺς</em></strong></span> <span class='ocrx_word' id='word_1_216' title='bbox 723 2647 768 2737; x_wconf 80' lang='lat' dir='ltr'><strong><em>r‘irr¹</em></strong></span> <span class='ocrx_word' id='word_1_217' title='bbox 779 2643 940 2729; x_wconf 85' lang='grc' dir='ltr'><strong><em>Ῥωμαίοις</em></strong></span> <span class='ocrx_word' id='word_1_218' title='bbox 954 2645 1028 2724; x_wconf 76' lang='grc' dir='ltr'><strong><em>ίθος</em></strong></span> <span class='ocrx_word' id='word_1_219' title='bbox 1040 2645 1186 2710; x_wconf 84' lang='lat' dir='ltr'><strong>dominos</strong></span> <span class='ocrx_word' id='word_1_220' title='bbox 1201 2645 1275 2724; x_wconf 84' lang='grc' dir='ltr'><strong><em>τοδς</em></strong></span> 
     </span>
     <span class='ocr_line' id='line_1_24' title="bbox 173 2747 1273 2838; baseline 0.001 -25"><span class='ocrx_word' id='word_1_221' title='bbox 173 2747 420 2838; x_wconf 81' lang='grc' dir='ltr'><strong><em>τυραννήσαντας</em></strong></span> <span class='ocrx_word' id='word_1_222' title='bbox 435 2751 607 2830; x_wconf 77' lang='grc' dir='ltr'><strong><em>ἀποκαλεῖν,</em></strong></span> <span class='ocrx_word' id='word_1_223' title='bbox 633 2747 675 2826; x_wconf 79' lang='grc' dir='ltr'><strong><em>ὡς</em></strong></span> <span class='ocrx_word' id='word_1_224' title='bbox 690 2751 725 2835; x_wconf 75' lang='grc' dir='ltr'><strong><em>δν]</em></strong></span> <span class='ocrx_word' id='word_1_225' title='bbox 742 2747 864 2815; x_wconf 76' lang='grc' dir='ltr'><strong><em>Σίλλαν</em></strong></span> <span class='ocrx_word' id='word_1_226' title='bbox 879 2753 931 2817; x_wconf 84' lang='grc' dir='ltr'><strong><em>καλ</em></strong></span> <span class='ocrx_word' id='word_1_227' title='bbox 944 2747 1089 2838; x_wconf 85' lang='grc' dir='ltr'><strong><em>Μάριον,</em></strong></span> <span class='ocrx_word' id='word_1_228' title='bbox 1115 2751 1166 2814; x_wconf 80' lang='grc' dir='ltr'><strong><em>καλ</em></strong></span> <span class='ocrx_word' id='word_1_229' title='bbox 1183 2751 1273 2832; x_wconf 84' lang='grc' dir='ltr'><strong><em>δομι-</em></strong></span> 
     </span>
    </p>
   </div>
   <div class='ocr_carea' id='block_1_6' title="bbox 239 2891 1276 3033">
    <p class='ocr_par' dir='ltr' id='par_1_8' title="bbox 239 2891 1276 3033">
     <span class='ocr_line' id='line_1_25' title="bbox 241 2891 1276 2969; baseline -0.001 -21"><span class='ocrx_word' id='word_1_230' title='bbox 241 2893 259 2948; x_wconf 83' lang='grc'>5</span> <span class='ocrx_word' id='word_1_231' title='bbox 276 2891 438 2969; x_wconf 78' lang='grc' dir='ltr'><strong><em>λεξογράφην</em></strong></span> <span class='ocrx_word' id='word_1_232' title='bbox 460 2894 540 2966; x_wconf 81' lang='lat' dir='ltr'><strong>vulgo</strong></span> <span class='ocrx_word' id='word_1_233' title='bbox 564 2902 592 2949; x_wconf 88' lang='lat' dir='ltr'><strong><em>et</em></strong></span> <span class='ocrx_word' id='word_1_234' title='bbox 611 2894 737 2948; x_wconf 86' lang='lat' dir='ltr'><strong>hocloco</strong></span> <span class='ocrx_word' id='word_1_235' title='bbox 761 2899 789 2948; x_wconf 87' lang='lat' dir='ltr'><strong><em>et</em></strong></span> <span class='ocrx_word' id='word_1_236' title='bbox 807 2896 821 2948; x_wconf 91' lang='lat'>1</span> <span class='ocrx_word' id='word_1_237' title='bbox 841 2896 885 2952; x_wconf 82' lang='lat'><strong><em>17.</em></strong></span> <span class='ocrx_word' id='word_1_238' title='bbox 1022 2895 1041 2950; x_wconf 87' lang='grc'><strong>6</strong></span> <span class='ocrx_word' id='word_1_239' title='bbox 1061 2891 1169 2949; x_wconf 73' lang='grc' dir='ltr'><strong><em>ἐκείνου</em></strong></span> <span class='ocrx_word' id='word_1_240' title='bbox 1191 2894 1276 2964; x_wconf 84' lang='lat' dir='ltr'><strong>prima</strong></span> 
     </span>
     <span class='ocr_line' id='line_1_26' title="bbox 239 2960 1274 3033; baseline 0.002 -17"><span class='ocrx_word' id='word_1_241' title='bbox 239 2978 332 3017; x_wconf 80' lang='lat' dir='ltr'><strong>manus</strong></span> <span class='ocrx_word' id='word_1_242' title='bbox 350 2965 383 3018; x_wconf 87' lang='lat' dir='ltr'><strong><em>C.</em></strong></span> <span class='ocrx_word' id='word_1_243' title='bbox 487 2967 504 3019; x_wconf 90' lang='lat'><strong>9</strong></span> <span class='ocrx_word' id='word_1_244' title='bbox 522 2960 653 3018; x_wconf 82' lang='grc' dir='ltr'><strong><em>άλκάδοτν</em></strong></span> <span class='ocrx_word' id='word_1_245' title='bbox 669 2965 709 3016; x_wconf 79' lang='lat' dir='ltr'><strong><em>Cr</em></strong></span> <span class='ocrx_word' id='word_1_246' title='bbox 728 2981 789 3017; x_wconf 86' lang='lat' dir='ltr'><strong>corr</strong></span> <span class='ocrx_word' id='word_1_247' title='bbox 804 2965 840 3018; x_wconf 80' lang='lat' dir='ltr'><strong><em>F.</em></strong></span> <span class='ocrx_word' id='word_1_248' title='bbox 943 2965 979 3020; x_wconf 79' lang='lat'><strong><em>22</em></strong></span> <span class='ocrx_word' id='word_1_249' title='bbox 995 2961 1084 3033; x_wconf 88' lang='grc' dir='ltr'><strong><em>μόνον</em></strong></span> <span class='ocrx_word' id='word_1_250' title='bbox 1104 2965 1142 3017; x_wconf 68' lang='grc' dir='ltr'><strong><em>(λι</em></strong></span> <span class='ocrx_word' id='word_1_251' title='bbox 1160 2981 1221 3018; x_wconf 86' lang='lat' dir='ltr'><strong>corr</strong></span> <span class='ocrx_word' id='word_1_252' title='bbox 1237 2965 1274 3018; x_wconf 70' lang='grc' dir='ltr'><strong><em>λ’.</em></strong></span> 
     </span>
    </p>
   </div>
   <div class='ocr_carea' id='block_1_7' title="bbox 173 3081 1280 4403">
    <p class='ocr_par' dir='ltr' id='par_1_9' title="bbox 173 3081 1280 4403">
     <span class='ocr_line' id='line_1_27' title="bbox 174 3081 1275 3154; baseline 0.001 -19"><span class='ocrx_word' id='word_1_253' title='bbox 174 3082 280 3136; x_wconf 86' lang='lat' dir='ltr'><strong>tributis</strong></span> <span class='ocrx_word' id='word_1_254' title='bbox 298 3083 429 3136; x_wconf 82' lang='lat' dir='ltr'><strong>oneravit.</strong></span> <span class='ocrx_word' id='word_1_255' title='bbox 465 3084 517 3154; x_wconf 81' lang='lat'><strong><em>(5)</em></strong></span> <span class='ocrx_word' id='word_1_256' title='bbox 536 3101 619 3154; x_wconf 85' lang='lat' dir='ltr'><strong>quare</strong></span> <span class='ocrx_word' id='word_1_257' title='bbox 635 3089 763 3151; x_wconf 79' lang='lat' dir='ltr'><strong>tyrannus</strong></span> <span class='ocrx_word' id='word_1_258' title='bbox 786 3089 844 3135; x_wconf 86' lang='lat' dir='ltr'><strong>erat</strong></span> <span class='ocrx_word' id='word_1_259' title='bbox 862 3082 1002 3146; x_wconf 79' lang='lat' dir='ltr'><strong>Romulus3</strong></span> <span class='ocrx_word' id='word_1_260' title='bbox 1027 3081 1197 3151; x_wconf 85' lang='lat' dir='ltr'><strong>quiquidem</strong></span> <span class='ocrx_word' id='word_1_261' title='bbox 1217 3099 1275 3136; x_wconf 85' lang='lat' dir='ltr'><strong><em>cum</em></strong></span> 
     </span>
     <span class='ocr_line' id='line_1_28' title="bbox 173 3151 1275 3224; baseline 0.001 -19"><span class='ocrx_word' id='word_1_262' title='bbox 173 3152 281 3206; x_wconf 81' lang='lat' dir='ltr'><strong>fratrem</strong></span> <span class='ocrx_word' id='word_1_263' title='bbox 295 3153 378 3222; x_wconf 84' lang='lat' dir='ltr'><strong>primo</strong></span> <span class='ocrx_word' id='word_1_264' title='bbox 393 3169 504 3224; x_wconf 83' lang='lat' dir='ltr'><strong>euntque</strong></span> <span class='ocrx_word' id='word_1_265' title='bbox 517 3164 580 3207; x_wconf 89' lang='lat' dir='ltr'><strong>natu</strong></span> <span class='ocrx_word' id='word_1_266' title='bbox 593 3153 717 3208; x_wconf 81' lang='lat' dir='ltr'><strong>maiorem</strong></span> <span class='ocrx_word' id='word_1_267' title='bbox 730 3151 874 3220; x_wconf 71' lang='lat' dir='ltr'>interfecit,</span> <span class='ocrx_word' id='word_1_268' title='bbox 887 3161 942 3204; x_wconf 85' lang='lat' dir='ltr'><strong>turn</strong></span> <span class='ocrx_word' id='word_1_269' title='bbox 954 3159 1054 3204; x_wconf 87' lang='lat' dir='ltr'><strong>temere</strong></span> <span class='ocrx_word' id='word_1_270' title='bbox 1069 3152 1194 3221; x_wconf 84' lang='lat' dir='ltr'><strong>quicquid</strong></span> <span class='ocrx_word' id='word_1_271' title='bbox 1208 3152 1275 3220; x_wconf 82' lang='lat' dir='ltr'><strong>egit.</strong></span> 
     </span>
     <span class='ocr_line' id='line_1_29' title="bbox 175 3218 1275 3290; baseline -0.001 -17"><span class='ocrx_word' id='word_1_272' title='bbox 175 3221 235 3274; x_wconf 86' lang='lat' dir='ltr'><strong>hino</strong></span> <span class='ocrx_word' id='word_1_273' title='bbox 249 3239 353 3290; x_wconf 86' lang='lat' dir='ltr'><strong>qnoque</strong></span> <span class='ocrx_word' id='word_1_274' title='bbox 371 3222 499 3285; x_wconf 74' lang='lat' dir='ltr'><strong>Quirinus</strong></span> <span class='ocrx_word' id='word_1_275' title='bbox 515 3224 601 3278; x_wconf 81' lang='lat' dir='ltr'><strong>dictus</strong></span> <span class='ocrx_word' id='word_1_276' title='bbox 616 3231 665 3290; x_wconf 85' lang='lat' dir='ltr'><strong>est,</strong></span> <span class='ocrx_word' id='word_1_277' title='bbox 683 3223 711 3276; x_wconf 91' lang='lat' dir='ltr'><strong>id</strong></span> <span class='ocrx_word' id='word_1_278' title='bbox 728 3232 770 3275; x_wconf 88' lang='lat' dir='ltr'><strong><em>est</em></strong></span> <span class='ocrx_word' id='word_1_279' title='bbox 783 3218 879 3288; x_wconf 78' lang='grc' dir='ltr'><strong><em>κύριος</em></strong></span> <span class='ocrx_word' id='word_1_280' title='bbox 897 3221 1058 3288; x_wconf 80' lang='lat' dir='ltr'><strong>(dominua);</strong></span> <span class='ocrx_word' id='word_1_281' title='bbox 1076 3221 1194 3290; x_wconf 79' lang='lat' dir='ltr'><strong>quamvis</strong></span> <span class='ocrx_word' id='word_1_282' title='bbox 1208 3221 1275 3272; x_wconf 83' lang='lat' dir='ltr'><strong>uio-</strong></span> 
     </span>
     <span class='ocr_line' id='line_1_30' title="bbox 174 3289 1277 3362; baseline 0 -20"><span class='ocrx_word' id='word_1_283' title='bbox 174 3292 296 3358; x_wconf 74' lang='lat' dir='ltr'><strong>gouiano,</strong></span> <span class='ocrx_word' id='word_1_284' title='bbox 314 3291 500 3344; x_wconf 79' lang='lat' dir='ltr'><strong>vocabulorum</strong></span> <span class='ocrx_word' id='word_1_285' title='bbox 515 3293 649 3362; x_wconf 83' lang='lat' dir='ltr'>scriptori,</span> <span class='ocrx_word' id='word_1_286' title='bbox 667 3291 745 3346; x_wconf 88' lang='lat' dir='ltr'><strong>alitor</strong></span> <span class='ocrx_word' id='word_1_287' title='bbox 757 3292 869 3361; x_wconf 82' lang='lat' dir='ltr'><strong>placeat.</strong></span> <span class='ocrx_word' id='word_1_288' title='bbox 905 3309 963 3344; x_wconf 83' lang='lat' dir='ltr'><strong><em>uam</em></strong></span> <span class='ocrx_word' id='word_1_289' title='bbox 980 3299 1084 3344; x_wconf 86' lang='lat' dir='ltr'><strong>constat</strong></span> <span class='ocrx_word' id='word_1_290' title='bbox 1097 3289 1233 3343; x_wconf 85' lang='lat' dir='ltr'><strong>Romulum</strong></span> <span class='ocrx_word' id='word_1_291' title='bbox 1247 3297 1277 3342; x_wconf 87' lang='lat' dir='ltr'><strong><em>et</em></strong></span> 
     </span>
     <span class='ocr_line' id='line_1_31' title="bbox 174 3359 1277 3429; baseline -0.002 -16"><span class='ocrx_word' id='word_1_292' title='bbox 174 3360 297 3429; x_wconf 77' lang='lat' dir='ltr'><strong>aequales</strong></span> <span class='ocrx_word' id='word_1_293' title='bbox 315 3361 371 3412; x_wconf 85' lang='lat' dir='ltr'><strong>eius</strong></span> <span class='ocrx_word' id='word_1_294' title='bbox 385 3361 498 3429; x_wconf 81' lang='lat' dir='ltr'><strong>linguam</strong></span> <span class='ocrx_word' id='word_1_295' title='bbox 515 3364 661 3428; x_wconf 83' lang='lat' dir='ltr'><strong>Graecam,</strong></span> <span class='ocrx_word' id='word_1_296' title='bbox 679 3361 796 3414; x_wconf 76' lang='lat' dir='ltr'><strong>Aeoliam</strong></span> <span class='ocrx_word' id='word_1_297' title='bbox 814 3360 889 3428; x_wconf 88' lang='lat' dir='ltr'><strong>dico,</strong></span> <span class='ocrx_word' id='word_1_298' title='bbox 907 3361 983 3414; x_wconf 90' lang='lat' dir='ltr'><strong>noni</strong></span> <span class='ocrx_word' id='word_1_299' title='bbox 1003 3377 1129 3424; x_wconf 76' lang='lat' dir='ltr'><strong>notasse,</strong></span> <span class='ocrx_word' id='word_1_300' title='bbox 1155 3369 1185 3412; x_wconf 91' lang='lat' dir='ltr'><strong>ut</strong></span> <span class='ocrx_word' id='word_1_301' title='bbox 1202 3359 1277 3412; x_wconf 87' lang='lat' dir='ltr'><strong>aiunt</strong></span> 
     </span>
     <span class='ocr_line' id='line_1_32' title="bbox 177 3379 1276 3500; baseline 0.002 -20"><span class='ocrx_word' id='word_1_302' title='bbox 177 3431 254 3494; x_wconf 83' lang='lat' dir='ltr'><strong>Coto,</strong></span> <span class='ocrx_word' id='word_1_303' title='bbox 271 3431 298 3482; x_wconf 95' lang='lat' dir='ltr'><strong><em>in</em></strong></span> <span class='ocrx_word' id='word_1_304' title='bbox 313 3430 381 3483; x_wconf 82' lang='lat' dir='ltr'><strong>libro</strong></span> <span class='ocrx_word' id='word_1_305' title='bbox 396 3431 429 3484; x_wconf 85' lang='lat' dir='ltr'><strong>de</strong></span> <span class='ocrx_word' id='word_1_306' title='bbox 446 3431 604 3500; x_wconf 72' lang='lat' dir='ltr'><strong><em>antiquitate</em></strong></span> <span class='ocrx_word' id='word_1_307' title='bbox 616 3433 744 3498; x_wconf 82' lang='lat' dir='ltr'><strong>Romana,</strong></span> <span class='ocrx_word' id='word_1_308' title='bbox 761 3439 790 3484; x_wconf 88' lang='lat' dir='ltr'><strong><em>et</em></strong></span> <span class='ocrx_word' id='word_1_309' title='bbox 802 3430 968 3484; x_wconf 83' lang='lat' dir='ltr'><strong>doctissimus</strong></span> <span class='ocrx_word' id='word_1_310' title='bbox 985 3379 1080 3494; x_wconf 54' lang='lat' dir='ltr'><strong>istro,</strong></span> <span class='ocrx_word' id='word_1_311' title='bbox 1097 3429 1124 3482; x_wconf 93' lang='lat' dir='ltr'><strong>iu</strong></span> <span class='ocrx_word' id='word_1_312' title='bbox 1141 3428 1276 3497; x_wconf 84' lang='lat' dir='ltr'><strong>prooemio</strong></span> 
     </span>
     <span class='ocr_line' id='line_1_33' title="bbox 175 3499 1279 3571; baseline 0.003 -22"><span class='ocrx_word' id='word_1_313' title='bbox 175 3499 276 3552; x_wconf 85' lang='lat' dir='ltr'><strong>iliorum</strong></span> <span class='ocrx_word' id='word_1_314' title='bbox 297 3515 365 3569; x_wconf 74' lang='lat' dir='ltr'><strong>(puae</strong></span> <span class='ocrx_word' id='word_1_315' title='bbox 380 3501 412 3552; x_wconf 90' lang='lat' dir='ltr'><strong><em>ad</em></strong></span> <span class='ocrx_word' id='word_1_316' title='bbox 430 3500 583 3569; x_wconf 85' lang='lat' dir='ltr'><strong>Pompeium</strong></span> <span class='ocrx_word' id='word_1_317' title='bbox 602 3501 722 3570; x_wconf 77' lang='lat' dir='ltr'><strong>scripsit:</strong></span> <span class='ocrx_word' id='word_1_318' title='bbox 740 3500 839 3571; x_wconf 86' lang='lat' dir='ltr'><strong>quippe</strong></span> <span class='ocrx_word' id='word_1_319' title='bbox 855 3501 982 3553; x_wconf 80' lang='lat' dir='ltr'><strong>Evander</strong></span> <span class='ocrx_word' id='word_1_320' title='bbox 999 3499 1134 3568; x_wconf 86' lang='lat' dir='ltr'><strong>ceterique</strong></span> <span class='ocrx_word' id='word_1_321' title='bbox 1150 3500 1279 3567; x_wconf 75' lang='lat' dir='ltr'><strong>Arcades,</strong></span> 
     </span>
     <span class='ocr_line' id='line_1_34' title="bbox 176 3567 1277 3639; baseline -0.002 -17"><span class='ocrx_word' id='word_1_322' title='bbox 176 3567 204 3622; x_wconf 89' lang='lat' dir='ltr'><strong><em>in</em></strong></span> <span class='ocrx_word' id='word_1_323' title='bbox 222 3568 324 3622; x_wconf 82' lang='lat' dir='ltr'><strong>italiam</strong></span> <span class='ocrx_word' id='word_1_324' title='bbox 345 3568 406 3621; x_wconf 80' lang='lat' dir='ltr'><strong>olinr</strong></span> <span class='ocrx_word' id='word_1_325' title='bbox 422 3569 596 3639; x_wconf 73' lang='lat' dir='ltr'><strong>transgressi,</strong></span> <span class='ocrx_word' id='word_1_326' title='bbox 620 3570 737 3622; x_wconf 74' lang='lat' dir='ltr'><strong>Aeoliam</strong></span> <span class='ocrx_word' id='word_1_327' title='bbox 760 3569 875 3638; x_wconf 86' lang='lat' dir='ltr'><strong>linguam</strong></span> <span class='ocrx_word' id='word_1_328' title='bbox 896 3569 967 3622; x_wconf 91' lang='lat' dir='ltr'><strong>inter</strong></span> <span class='ocrx_word' id='word_1_329' title='bbox 991 3571 1119 3623; x_wconf 86' lang='lat' dir='ltr'><strong>barbaros</strong></span> <span class='ocrx_word' id='word_1_330' title='bbox 1143 3585 1277 3636; x_wconf 75' lang='lat' dir='ltr'><strong>sparsere.</strong></span> 
     </span>
     <span class='ocr_line' id='line_1_35' title="bbox 175 3638 1276 3720; baseline -0.001 -30"><span class='ocrx_word' id='word_1_331' title='bbox 175 3653 235 3703; x_wconf 83' lang='lat' dir='ltr'><strong>nam</strong></span> <span class='ocrx_word' id='word_1_332' title='bbox 249 3640 318 3708; x_wconf 91' lang='lat' dir='ltr'><strong>quod</strong></span> <span class='ocrx_word' id='word_1_333' title='bbox 333 3647 501 3720; x_wconf 77' lang='lat' dir='ltr'><strong>praeterera</strong></span> <span class='ocrx_word' id='word_1_334' title='bbox 516 3639 690 3706; x_wconf 74' lang='lat' dir='ltr'><strong>grammaticis</strong></span> <span class='ocrx_word' id='word_1_335' title='bbox 709 3641 819 3692; x_wconf 83' lang='lat' dir='ltr'><strong>affertur</strong></span> <span class='ocrx_word' id='word_1_336' title='bbox 834 3649 950 3706; x_wconf 79' lang='lat' dir='ltr'><strong>etymon,</strong></span> <span class='ocrx_word' id='word_1_337' title='bbox 967 3657 1032 3709; x_wconf 85' lang='lat' dir='ltr'><strong>pace</strong></span> <span class='ocrx_word' id='word_1_338' title='bbox 1049 3655 1138 3692; x_wconf 85' lang='lat' dir='ltr'><strong>eorum</strong></span> <span class='ocrx_word' id='word_1_339' title='bbox 1152 3638 1181 3690; x_wconf 84' lang='lat' dir='ltr'><strong>vi</strong></span> <span class='ocrx_word' id='word_1_340' title='bbox 1193 3645 1276 3690; x_wconf 86' lang='lat' dir='ltr'><strong>attra-</strong></span> 
     </span>
     <span class='ocr_line' id='line_1_36' title="bbox 177 3707 1276 3778; baseline -0.001 -19"><span class='ocrx_word' id='word_1_341' title='bbox 177 3717 246 3760; x_wconf 81' lang='lat' dir='ltr'><strong>ctum</strong></span> <span class='ocrx_word' id='word_1_342' title='bbox 263 3708 383 3760; x_wconf 75' lang='lat' dir='ltr'><strong>dixerim.</strong></span> <span class='ocrx_word' id='word_1_343' title='bbox 420 3725 436 3760; x_wconf 87' lang='lat' dir='ltr'><strong>a</strong></span> <span class='ocrx_word' id='word_1_344' title='bbox 455 3708 527 3774; x_wconf 79' lang='lat' dir='ltr'><strong>Cyre</strong></span> <span class='ocrx_word' id='word_1_345' title='bbox 544 3708 613 3760; x_wconf 87' lang='lat' dir='ltr'><strong>enirn</strong></span> <span class='ocrx_word' id='word_1_346' title='bbox 629 3707 787 3762; x_wconf 78' lang='lat' dir='ltr'><strong>Sabinorum</strong></span> <span class='ocrx_word' id='word_1_347' title='bbox 804 3709 902 3778; x_wconf 91' lang='lat' dir='ltr'><strong>oppido</strong></span> <span class='ocrx_word' id='word_1_348' title='bbox 925 3725 983 3762; x_wconf 86' lang='lat' dir='ltr'><strong>euru</strong></span> <span class='ocrx_word' id='word_1_349' title='bbox 999 3707 1038 3761; x_wconf 81' lang='lat' dir='ltr'><strong><em>ita</em></strong></span> <span class='ocrx_word' id='word_1_350' title='bbox 1055 3707 1213 3760; x_wconf 83' lang='lat' dir='ltr'><strong>nominatum</strong></span> <span class='ocrx_word' id='word_1_351' title='bbox 1227 3723 1276 3758; x_wconf 80' lang='grc' dir='ltr'><strong><em>νο-</em></strong></span> 
     </span>
     <span class='ocr_line' id='line_1_37' title="bbox 175 3775 1277 3847; baseline 0 -20"><span class='ocrx_word' id='word_1_352' title='bbox 175 3775 247 3842; x_wconf 86' lang='lat' dir='ltr'><strong>lunt,</strong></span> <span class='ocrx_word' id='word_1_353' title='bbox 266 3777 385 3845; x_wconf 80' lang='lat' dir='ltr'><strong>quateris</strong></span> <span class='ocrx_word' id='word_1_354' title='bbox 401 3794 453 3828; x_wconf 90' lang='lat' dir='ltr'><strong><em>non</em></strong></span> <span class='ocrx_word' id='word_1_355' title='bbox 470 3776 533 3829; x_wconf 87' lang='lat' dir='ltr'><strong>iude</strong></span> <span class='ocrx_word' id='word_1_356' title='bbox 549 3777 698 3847; x_wconf 86' lang='lat' dir='ltr'><strong>oriundum,</strong></span> <span class='ocrx_word' id='word_1_357' title='bbox 725 3779 774 3831; x_wconf 89' lang='lat' dir='ltr'><strong><em>sed</em></strong></span> <span class='ocrx_word' id='word_1_358' title='bbox 790 3778 818 3832; x_wconf 92' lang='lat' dir='ltr'><strong><em>in</em></strong></span> <span class='ocrx_word' id='word_1_359' title='bbox 834 3776 901 3831; x_wconf 88' lang='lat' dir='ltr'><strong>colia</strong></span> <span class='ocrx_word' id='word_1_360' title='bbox 913 3777 1034 3831; x_wconf 77' lang='lat' dir='ltr'><strong>Psintino</strong></span> <span class='ocrx_word' id='word_1_361' title='bbox 1055 3779 1089 3830; x_wconf 88' lang='lat' dir='ltr'><strong><em>ad</em></strong></span> <span class='ocrx_word' id='word_1_362' title='bbox 1109 3775 1219 3830; x_wconf 85' lang='lat' dir='ltr'><strong>Tiberis</strong></span> <span class='ocrx_word' id='word_1_363' title='bbox 1238 3776 1277 3828; x_wconf 89' lang='lat' dir='ltr'><strong>ri-</strong></span> 
     </span>
     <span class='ocr_line' id='line_1_38' title="bbox 175 3845 1264 3916; baseline 0 -18"><span class='ocrx_word' id='word_1_364' title='bbox 175 3862 235 3914; x_wconf 85' lang='lat' dir='ltr'><strong><em>pam</em></strong></span> <span class='ocrx_word' id='word_1_365' title='bbox 250 3855 337 3898; x_wconf 85' lang='lat' dir='ltr'><strong>netum</strong></span> <span class='ocrx_word' id='word_1_366' title='bbox 356 3845 507 3915; x_wconf 79' lang='lat' dir='ltr'><strong>ibidemque</strong></span> <span class='ocrx_word' id='word_1_367' title='bbox 522 3847 670 3900; x_wconf 83' lang='lat' dir='ltr'><strong>educatum.</strong></span> <span class='ocrx_word' id='word_1_368' title='bbox 704 3848 823 3900; x_wconf 88' lang='lat' dir='ltr'><strong>dominos</strong></span> <span class='ocrx_word' id='word_1_369' title='bbox 836 3847 939 3900; x_wconf 85' lang='lat' dir='ltr'><strong>scilicet</strong></span> <span class='ocrx_word' id='word_1_370' title='bbox 955 3865 984 3900; x_wconf 82' lang='lat' dir='ltr'><strong><em>se</em></strong></span> <span class='ocrx_word' id='word_1_371' title='bbox 1001 3845 1118 3916; x_wconf 77' lang='lat' dir='ltr'><strong>tyranni,</strong></span> <span class='ocrx_word' id='word_1_372' title='bbox 1137 3863 1189 3900; x_wconf 90' lang='lat' dir='ltr'><strong><em>non</em></strong></span> <span class='ocrx_word' id='word_1_373' title='bbox 1203 3845 1264 3914; x_wconf 88' lang='lat' dir='ltr'><strong>prin</strong></span> 
     </span>
     <span class='ocr_line' id='line_1_39' title="bbox 175 3914 1278 3985; baseline 0.002 -19"><span class='ocrx_word' id='word_1_374' title='bbox 175 3915 250 3983; x_wconf 82' lang='lat' dir='ltr'><strong>cipes</strong></span> <span class='ocrx_word' id='word_1_375' title='bbox 269 3914 397 3984; x_wconf 85' lang='lat' dir='ltr'><strong>appellari</strong></span> <span class='ocrx_word' id='word_1_376' title='bbox 412 3923 509 3968; x_wconf 80' lang='lat' dir='ltr'><strong>autaut.</strong></span> <span class='ocrx_word' id='word_1_377' title='bbox 545 3916 587 3982; x_wconf 87' lang='grc'><strong><em>(6)</em></strong></span> <span class='ocrx_word' id='word_1_378' title='bbox 606 3915 690 3968; x_wconf 87' lang='lat' dir='ltr'><strong>maior</strong></span> <span class='ocrx_word' id='word_1_379' title='bbox 701 3934 766 3976; x_wconf 81' lang='lat' dir='ltr'><strong>vero</strong></span> <span class='ocrx_word' id='word_1_380' title='bbox 780 3933 857 3985; x_wconf 84' lang='lat' dir='ltr'><strong>quam</strong></span> <span class='ocrx_word' id='word_1_381' title='bbox 869 3917 942 3984; x_wconf 78' lang='lat' dir='ltr'><strong>regis</strong></span> <span class='ocrx_word' id='word_1_382' title='bbox 955 3925 998 3970; x_wconf 84' lang='lat' dir='ltr'><strong><em>est</em></strong></span> <span class='ocrx_word' id='word_1_383' title='bbox 1011 3915 1135 3971; x_wconf 83' lang='lat' dir='ltr'><strong>Caesaris</strong></span> <span class='ocrx_word' id='word_1_384' title='bbox 1152 3914 1278 3982; x_wconf 76' lang='lat' dir='ltr'><strong>dignitas,</strong></span> 
     </span>
     <span class='ocr_line' id='line_1_40' title="bbox 175 3983 1279 4070; baseline 0.001 -35"><span class='ocrx_word' id='word_1_385' title='bbox 175 3983 222 4052; x_wconf 91' lang='lat' dir='ltr'><strong>qui</strong></span> <span class='ocrx_word' id='word_1_386' title='bbox 236 3983 280 4037; x_wconf 85' lang='lat' dir='ltr'><strong>vel</strong></span> <span class='ocrx_word' id='word_1_387' title='bbox 295 4003 373 4054; x_wconf 79' lang='lat' dir='ltr'><strong>reges</strong></span> <span class='ocrx_word' id='word_1_388' title='bbox 391 3985 513 4053; x_wconf 82' lang='lat' dir='ltr'><strong>gentibus</strong></span> <span class='ocrx_word' id='word_1_389' title='bbox 529 3985 608 4038; x_wconf 83' lang='lat' dir='ltr'><strong>dandi</strong></span> <span class='ocrx_word' id='word_1_390' title='bbox 626 3984 686 4038; x_wconf 87' lang='lat' dir='ltr'><strong>olim</strong></span> <span class='ocrx_word' id='word_1_391' title='bbox 702 3993 860 4055; x_wconf 84' lang='lat' dir='ltr'><strong>potestatem</strong></span> <span class='ocrx_word' id='word_1_392' title='bbox 875 3987 1009 4040; x_wconf 76' lang='lat' dir='ltr'><strong>habuerit.</strong></span> <span class='ocrx_word' id='word_1_393' title='bbox 1023 3995 1031 4008; x_wconf 82' lang='lat'>&#39;</span> <span class='ocrx_word' id='word_1_394' title='bbox 1043 3986 1142 4070; x_wconf 86' lang='lat' dir='ltr'><strong>quippe</strong></span> <span class='ocrx_word' id='word_1_395' title='bbox 1159 3984 1279 4038; x_wconf 84' lang='lat' dir='ltr'><strong>odiosum</strong></span> 
     </span>
     <span class='ocr_line' id='line_1_41' title="bbox 175 4053 1279 4126; baseline 0.001 -22"><span class='ocrx_word' id='word_1_396' title='bbox 175 4062 218 4105; x_wconf 84' lang='lat' dir='ltr'><strong><em>est</em></strong></span> <span class='ocrx_word' id='word_1_397' title='bbox 235 4064 314 4123; x_wconf 83' lang='lat' dir='ltr'><strong>atque</strong></span> <span class='ocrx_word' id='word_1_398' title='bbox 332 4073 349 4105; x_wconf 85' lang='lat' dir='ltr'><strong>a</strong></span> <span class='ocrx_word' id='word_1_399' title='bbox 364 4055 483 4106; x_wconf 84' lang='lat' dir='ltr'><strong>Romane</strong></span> <span class='ocrx_word' id='word_1_400' title='bbox 498 4054 611 4107; x_wconf 84' lang='lat' dir='ltr'><strong>alienum</strong></span> <span class='ocrx_word' id='word_1_401' title='bbox 628 4053 761 4122; x_wconf 74' lang='lat' dir='ltr'><strong>libertate,</strong></span> <span class='ocrx_word' id='word_1_402' title='bbox 777 4054 905 4122; x_wconf 84' lang='lat' dir='ltr'><strong>dominor,</strong></span> <span class='ocrx_word' id='word_1_403' title='bbox 920 4063 951 4109; x_wconf 87' lang='lat' dir='ltr'><strong>at</strong></span> <span class='ocrx_word' id='word_1_404' title='bbox 967 4071 1020 4113; x_wconf 89' lang='lat' dir='ltr'><strong><em>non</em></strong></span> <span class='ocrx_word' id='word_1_405' title='bbox 1034 4056 1169 4126; x_wconf 85' lang='lat' dir='ltr'><strong>priucrpes</strong></span> <span class='ocrx_word' id='word_1_406' title='bbox 1185 4053 1279 4123; x_wconf 81' lang='lat' dir='ltr'><strong>eppei-</strong></span> 
     </span>
     <span class='ocr_line' id='line_1_42' title="bbox 174 4122 1278 4197; baseline 0.001 -21"><span class='ocrx_word' id='word_1_407' title='bbox 174 4122 231 4176; x_wconf 83' lang='lat' dir='ltr'><strong>lare</strong></span> <span class='ocrx_word' id='word_1_408' title='bbox 245 4125 421 4193; x_wconf 85' lang='lat' dir='ltr'><strong>imperantes,</strong></span> <span class='ocrx_word' id='word_1_409' title='bbox 446 4135 574 4192; x_wconf 81' lang='lat' dir='ltr'><strong>quatenus</strong></span> <span class='ocrx_word' id='word_1_410' title='bbox 588 4122 687 4176; x_wconf 87' lang='lat' dir='ltr'><strong>domiui</strong></span> <span class='ocrx_word' id='word_1_411' title='bbox 702 4141 795 4177; x_wconf 84' lang='lat' dir='ltr'><strong>nomen</strong></span> <span class='ocrx_word' id='word_1_412' title='bbox 810 4139 943 4177; x_wconf 81' lang='lat' dir='ltr'><strong>conrnune</strong></span> <span class='ocrx_word' id='word_1_413' title='bbox 957 4125 1023 4197; x_wconf 86' lang='lat' dir='ltr'><strong>ipsis</strong></span> <span class='ocrx_word' id='word_1_414' title='bbox 1037 4133 1065 4178; x_wconf 90' lang='lat' dir='ltr'><strong><em>et</em></strong></span> <span class='ocrx_word' id='word_1_415' title='bbox 1078 4140 1154 4176; x_wconf 89' lang='lat' dir='ltr'><strong>unum</strong></span> <span class='ocrx_word' id='word_1_416' title='bbox 1172 4141 1278 4177; x_wconf 80' lang='lat' dir='ltr'><strong>serrum</strong></span> 
     </span>
     <span class='ocr_line' id='line_1_43' title="bbox 174 4190 1280 4262; baseline 0.002 -19"><span class='ocrx_word' id='word_1_417' title='bbox 174 4192 390 4262; x_wconf 82' lang='lat' dir='ltr'><strong>possidentibus,</strong></span> <span class='ocrx_word' id='word_1_418' title='bbox 416 4193 544 4262; x_wconf 84' lang='lat' dir='ltr'><strong>principis</strong></span> <span class='ocrx_word' id='word_1_419' title='bbox 561 4203 648 4248; x_wconf 88' lang='lat' dir='ltr'><strong>autam</strong></span> <span class='ocrx_word' id='word_1_420' title='bbox 662 4190 756 4246; x_wconf 77' lang='lat' dir='ltr'><strong>nuliius</strong></span> <span class='ocrx_word' id='word_1_421' title='bbox 776 4192 827 4244; x_wconf 85' lang='lat' dir='ltr'><strong>nisi</strong></span> <span class='ocrx_word' id='word_1_422' title='bbox 847 4191 963 4260; x_wconf 80' lang='lat' dir='ltr'><strong>ipsorum</strong></span> <span class='ocrx_word' id='word_1_423' title='bbox 980 4201 1031 4247; x_wconf 84' lang='lat' dir='ltr'><strong>est.</strong></span> <span class='ocrx_word' id='word_1_424' title='bbox 1066 4211 1098 4246; x_wconf 86' lang='lat' dir='ltr'><strong><em>ac</em></strong></span> <span class='ocrx_word' id='word_1_425' title='bbox 1114 4194 1280 4246; x_wconf 79' lang='lat' dir='ltr'><strong>menifestum</strong></span> 
     </span>
     <span class='ocr_line' id='line_1_44' title="bbox 175 4261 1279 4332; baseline 0 -18"><span class='ocrx_word' id='word_1_426' title='bbox 175 4279 285 4330; x_wconf 87' lang='lat' dir='ltr'><strong>prorsus</strong></span> <span class='ocrx_word' id='word_1_427' title='bbox 302 4271 359 4328; x_wconf 73' lang='lat' dir='ltr'><strong>est,</strong></span> <span class='ocrx_word' id='word_1_428' title='bbox 385 4263 517 4315; x_wconf 85' lang='lat' dir='ltr'><strong>Romanos</strong></span> <span class='ocrx_word' id='word_1_429' title='bbox 533 4261 620 4317; x_wconf 84' lang='lat' dir='ltr'><strong>solere</strong></span> <span class='ocrx_word' id='word_1_430' title='bbox 639 4262 758 4316; x_wconf 81' lang='lat' dir='ltr'><strong>dominos</strong></span> <span class='ocrx_word' id='word_1_431' title='bbox 775 4261 908 4331; x_wconf 80' lang='lat' dir='ltr'><strong>appellare</strong></span> <span class='ocrx_word' id='word_1_432' title='bbox 930 4280 977 4316; x_wconf 86' lang='lat' dir='ltr'><strong><em>eos</em></strong></span> <span class='ocrx_word' id='word_1_433' title='bbox 1000 4262 1047 4332; x_wconf 87' lang='lat' dir='ltr'><strong>qui</strong></span> <span class='ocrx_word' id='word_1_434' title='bbox 1069 4263 1177 4328; x_wconf 82' lang='lat' dir='ltr'><strong>tyranni</strong></span> <span class='ocrx_word' id='word_1_435' title='bbox 1193 4263 1279 4327; x_wconf 81' lang='lat' dir='ltr'><strong>fuere,</strong></span> 
     </span>
     <span class='ocr_line' id='line_1_45' title="bbox 176 4329 1278 4403; baseline 0 -20"><span class='ocrx_word' id='word_1_436' title='bbox 176 4331 256 4384; x_wconf 88' lang='lat' dir='ltr'><strong>sicuti</strong></span> <span class='ocrx_word' id='word_1_437' title='bbox 275 4331 377 4400; x_wconf 82' lang='lat' dir='ltr'><strong>Syiiam</strong></span> <span class='ocrx_word' id='word_1_438' title='bbox 392 4330 518 4387; x_wconf 79' lang='lat' dir='ltr'><strong>videlicet</strong></span> <span class='ocrx_word' id='word_1_439' title='bbox 530 4331 705 4402; x_wconf 82' lang='lat' dir='ltr'><strong>Mariumque,</strong></span> <span class='ocrx_word' id='word_1_440' title='bbox 721 4339 750 4386; x_wconf 86' lang='lat' dir='ltr'><strong><em>et</em></strong></span> <span class='ocrx_word' id='word_1_441' title='bbox 761 4331 964 4387; x_wconf 77' lang='lat' dir='ltr'><strong>dominationem</strong></span> <span class='ocrx_word' id='word_1_442' title='bbox 976 4331 1152 4401; x_wconf 83' lang='lat' dir='ltr'><strong>tyrannidem.</strong></span> <span class='ocrx_word' id='word_1_443' title='bbox 1187 4329 1278 4403; x_wconf 88' lang='lat' dir='ltr'><strong>depri-</strong></span> 
     </span>
    </p>
   </div>
   <div class='ocr_carea' id='block_1_8' title="bbox 0 0 1550 4862">
    <p class='ocr_par' dir='ltr' id='par_1_10' title="bbox 0 0 1550 4862">
     <span class='ocr_line' id='line_1_46' title="bbox 0 0 1550 4862; baseline 0 0"><span class='ocrx_word' id='word_1_444' title='bbox 0 0 1550 4862; x_wconf 95' lang='lat' dir='ltr'><strong><em> </em></strong></span> 
     </span>
    </p>
   </div>
  </div>
 </body>
</html>
