2934 4868
507 304 753 377 PRAEFATIO.
1120 337 1185 388 uus

37 499 156 562 atim
175 501 227 564 sit
247 511 284 564 et
299 501 393 564 exile
406 499 442 564 id
456 517 680 586 srgsureuturr¹
700 518 803 574 umen
816 513 986 574 neeesmio
999 531 1096 596 pauor
1106 517 1182 578 sub-

36 625 176 703 iungam.

115 744 209 802 Dixi
220 742 262 802 in
274 744 514 826 Prolegomenis
528 743 568 806 sd
581 747 790 828 Magistratus,
809 771 841 834 p.
852 769 937 812 sxxv
951 769 1016 834 sp,
1037 750 1172 816 sedicem
1193 759 1215 821 3

38 863 354 941 membranaceum,
386 881 423 924 tx
441 866 492 924 rel
510 885 535 924 x
555 867 684 944 saeculi,
716 871 896 934 continuisse
926 873 1001 936 olim
1020 875 1078 934 tris
1095 875 1183 956 Lydi

40 1003 148 1061 opera,
173 983 312 1042 librum
330 982 379 1041 De
395 985 566 1061 mensibus,
588 988 634 1046 De
652 988 794 1064 ostentis,
815 991 861 1049 De
875 993 1098 1070 magistratibus
1111 967 1176 1054 tto-

42 1105 159 1178 tmis3
188 1100 257 1162 sed
284 1120 359 1159 eum
378 1103 441 1160 iam
463 1101 502 1161 ed
523 1105 643 1186 cpolim
658 1107 735 1166 eires
753 1126 782 1166 s.
800 1109 879 1174 1785
895 1111 1078 1172 inveniretur
1088 1113 1174 1175 initio

45 1221 146 1280 ettine
164 1231 330 1296 mous,
352 1238 508 1300 superesse
533 1225 562 1282 ei
584 1221 674 1285 hodie
698 1225 844 1287 duntaxat
864 1229 937 1288 folia
959 1230 1037 1305 1023
1062 1227 1175 1292 horum

47 1337 101 1398 duo
119 1341 298 1420 pertinere
313 1335 353 1398 ad
366 1339 478 1398 librum
492 1343 537 1402 De
552 1346 724 1423 mensibus,
746 1352 786 1413 87
803 1347 842 1407 ed
854 1348 965 1407 librum
978 1349 1024 1406 De
1038 1351 1172 1424 ostentis,

50 1461 170 1540 reliqua
193 1457 240 1518 ad
260 1461 468 1540 Magistratus.
510 1483 551 1524 ex
565 1466 627 1525 illis
645 1471 686 1530 87
709 1467 773 1548 (De
791 1463 935 1545 ostentis)
956 1469 997 1530 26
1008 1468 1173 1548 posteriora

53 1580 142 1638 issi-sse
168 1589 310 1638 oonsnta
329 1592 486 1640 numerata
506 1581 646 1643 adiunote
666 1583 706 1643 sd
725 1605 832 1664 eorpus
852 1583 978 1660 oodiois3
1003 1589 1039 1650 tt
1060 1588 1170 1668 ptiust,
1239 1595 1243 1610 '

54 1709 197 1778 seperate
214 1717 290 1756 oum
305 1711 391 1760 extra
406 1699 540 1760 oodioem
559 1713 623 1760 tuus
637 1705 716 1763 iuter
727 1725 777 1780 se,
799 1701 915 1764 adieetts
928 1705 1020 1764 fuisse
1034 1707 1067 1764 in
1080 1707 1171 1767 hro·

5 1903 6 1906 ¹
54 1819 136 1878 luero
158 1817 324 1901 quodam,
347 1821 462 1902 absque
483 1824 632 1880 numerali
646 1834 717 1883 nota
732 1825 805 1882 ulla.
850 1843 885 1882 eu
900 1843 956 1905 ege
972 1825 1010 1890 11
1024 1825 1115 1904 folia,
1136 1837 1171 1887 ut

58 1944 194 2016 primum
216 1957 380 2018 aggressus
401 1937 481 1998 hano
503 1939 666 2002 editionem
689 1963 773 2019 sum,
795 1941 918 2003 disiecta
936 1954 1109 2026 temereque
1123 1947 1171 2005 ia·
1187 1961 1216 2018 p·
1233 1962 1265 2002 rr

60 2063 156 2118 tentia
171 2063 217 2118 ita
232 2058 394 2138 disponere
409 2079 612 2118 renumerare
627 2062 727 2141 coepi,
749 2072 783 2120 ut
795 2063 938 2122 iubebant
954 2076 1129 2146 eonspeotus
1140 2076 1172 2128 et

5 2233 6 2258 p
61 2199 180 2238 summa
199 2182 302 2259 operis
322 2200 353 2260 p.
370 2183 433 2245 277
457 2184 472 2242 1
496 2182 643 2260 exposito.
685 2179 778 2262 idque
793 2191 856 2241 tam
871 2183 948 2242 boue
963 2187 1052 2246 cessit
1065 2195 1117 2263 ut,
1139 2189 1167 2248 si

62 2321 205 2361 exorsum
219 2301 292 2358 libri
299 2319 331 2378 p·
340 2298 402 2362 273
411 2298 544 2379 foliaque
557 2300 611 2358 illa
625 2300 757 2380 excipies
774 2320 851 2383 quse
866 2303 899 2360 in
918 2314 1053 2366 extremo
1069 2309 1166 2387 sapite

5 2481 7 2514 ἡ
65 2418 100 2477 de
107 2421 273 2500 eclipsibus
279 2419 382 2499 p.285
395 2422 416 2482 2
431 2417 608 2478 exciderunt
623 2421 833 2501 (qusetumen,
849 2433 995 2503 quantum
1003 2435 1066 2484 erat
1073 2427 1166 2486 situm

66 2540 96 2595 in
114 2541 223 2615 nobis,
245 2541 359 2597 Greeoe
381 2539 520 2618 supplere
542 2542 639 2599 consti
663 2539 805 2620 somus),
831 2543 905 2601 iten
925 2542 1065 2602 lacunam
1088 2545 1168 2604 inter

66 2669 154 2739 eaput
170 2659 210 2723 15
226 2670 255 2717 et
268 2660 324 2733 16,
345 2677 377 2737 p.
392 2659 454 2722 291
470 2663 508 2734 7,
530 2668 563 2716 ut
577 2669 665 2718 extre
677 2658 769 2735 heeo,
790 2662 931 2742 inquom,
952 2659 1031 2722 nihii
1043 2666 1166 2722 ormino

6 2759 7 2850 ζ
68 2797 106 2836 ex
119 2787 186 2837 toto
197 2779 275 2838 libro
292 2773 368 2834 mihi
384 2773 507 2858 quidem
521 2779 553 2836 in
569 2783 720 2858 praesenti
742 2778 846 2840 deesse
868 2779 1015 2840 videatur.
1059 2783 1167 2842 confli-

6 2861 7 2874 χ
67 2897 165 2955 utebar
175 2915 263 2972 vero,
284 2905 414 2954 tractans
426 2892 501 2954 hseo
513 2900 552 2960 87
567 2897 656 2974 solis,
679 2897 795 2959 duobus
806 2903 982 2980 pressertim
994 2882 1165 2960 incommo-

68 3013 126 3092 dis,
150 3016 243 3075 altero
258 3015 403 3096 peouliari
415 3015 562 3094 prioribus
574 3017 717 3096 pagellis,
740 3018 833 3078 altero
848 3019 998 3100 generali,
1020 3037 1079 3098 quo
1093 3018 1165 3076 uui·

69 3155 168 3194 sersus
186 3135 302 3194 laboret
322 3132 429 3193 sodex.
471 3143 565 3194 soatet
588 3137 670 3192 euim
683 3133 801 3195 mendis
815 3156 908 3217 prope
923 3137 1089 3196 innumeris
1100 3154 1164 3195 nou

6 3265 7 3268 ’
70 3253 157 3316 nodo
177 3257 210 3314 in
231 3254 376 3334 scripturo
389 3253 564 3330 verborum,
587 3251 641 3314 sed
656 3255 688 3313 in
702 3255 861 3335 spirituum
875 3272 995 3337 qusque
1011 3263 1042 3314 et
1055 3273 1163 3314 esseu-

71 3383 152 3431 tumn
172 3375 300 3449 ratione,
322 3375 420 3453 prima
438 3392 531 3432 manu
549 3376 730 3453 positorum,
752 3371 807 3434 sed
819 3395 958 3455 petresse
972 3375 1161 3456 plerumque.

6 3533 11 3594 p
73 3511 216 3574 quomque
231 3493 270 3551 sit
285 3495 392 3554 vitiose
407 3497 550 3576 scriptus,
571 3496 731 3574 praecipue
745 3495 897 3574 apparuit,
918 3495 974 3554 ubi
982 3493 1067 3554 licuit
1080 3513 1160 3568 eum,

73 3621 135 3689 post
147 3632 170 3670 o.
183 3616 235 3688 2ο,
250 3633 320 3672 oum
331 3614 399 3673 eliis
409 3611 497 3673 oodd.
512 3615 625 3674 Veneto
642 3625 671 3674 et
682 3616 785 3694 Regiis
798 3615 950 3690 eonferre3
972 3614 1036 3695 qsi,
1050 3629 1161 3693 quam-

73 3731 116 3790 tis
132 3743 274 3809 recentes,
296 3753 402 3794 omnes
416 3743 518 3792 tamen
532 3733 694 3793 (luteolino
704 3733 920 3794 emendatiores
930 3741 1011 3793 suot.

149 3852 280 3912 Alterum
292 3851 535 3930 ineomnodum,
556 3851 649 3934 idque
662 3855 874 3934 longemsius,
896 3863 975 3929 eret,
997 3871 1039 3912 ex
1050 3853 1093 3917 87
1104 3851 1155 3912 fo-
1175 3845 1197 3916 4

7 4031 8 4034 ,
74 3967 118 4030 liis
129 3971 230 4034 librum
240 3976 287 4032 De
301 3974 426 4032 ostentis
440 3973 659 4032 ooutiaeotibus
671 3973 847 4053 praesertim
861 3976 903 4038 10
913 3973 1013 4053 priora
1028 3991 1093 4032 esse
1108 3971 1156 4032 la·
1173 3989 1202 4048 p·
1218 3985 1263 4028 ru

74 4109 143 4171 urs,
161 4093 348 4174 madoreque
371 4099 401 4150 et
422 4099 569 4151 vetustate
588 4089 664 4150 edeo
678 4090 783 4150 affeetu
798 4101 833 4150 ut
850 4109 886 4150 ea
900 4092 1092 4174 potissimum
1106 4111 1157 4150 re-

74 4217 187 4294 reuss
203 4213 351 4280 rideatur
367 4212 414 4274 rir
430 4211 592 4293 multiplici
607 4207 741 4274 doutrios
756 4213 884 4295 insignis
900 4220 931 4274 et
943 4229 1014 4272 oum
1025 4212 1059 4272 io
1071 4209 1155 4272 omni
