2934 4868
228 339 278 388 xa
363 415 365 418 Ι
412 386 427 400 ,,
517 315 629 387 nasu
653 315 711 388 oa
733 315 891 387 rosum
915 315 1034 384 nmo

228 519 398 582 nonminns
406 517 781 602 prebaremm(opinor)in
794 515 999 596 acceptumst
1011 515 1154 576 literaset
1166 516 1325 578 eaerum

228 642 329 682 rermu
352 631 504 701 veterum,
523 643 616 707 quam
637 624 672 682 in
693 622 789 682 Fastis
811 617 951 695 POridii,
972 619 1026 702 qni
1041 630 1250 698 argumentum
1264 621 1324 680 sibi

227 725 328 786 simile
356 727 507 808 sumpsit,
533 727 709 786 vertentem
737 733 767 782 et
793 741 919 782 acmnen
941 731 972 782 et
993 724 1172 782 suavitatem
1196 724 1323 802 ingenii.

226 825 281 886 sed
291 827 345 886 ille
357 827 481 910 quidem
495 829 573 890 liber
585 839 665 890 totus
678 826 807 901 interiit,
829 835 917 884 extra
931 821 991 884 duc
1003 825 1037 884 in
1049 823 1152 886 codice
1165 827 1324 886 Cmeolino

226 941 344 990 servate
365 931 459 1006 lolia,
487 933 691 1012 epitomaeque
712 936 867 1008 praeterea
888 929 963 988 item
982 925 1058 987 duas
1077 928 1111 986 in
1132 925 1323 990 bibliothecis

225 1035 339 1110 passim
357 1043 511 1094 entsntes
530 1034 709 1113 Lipsiseqne
728 1049 761 1090 a.
776 1028 867 1106 1794,
891 1035 933 1107 8„
956 1049 997 1090 ex
1014 1027 1188 1111 apographo
1205 1033 1323 1092 Nicolai

106 1153 136 1205 p.
155 1153 209 1194 xrrr
227 1131 354 1211 Sabou,
375 1137 554 1216 amplissimi
576 1135 634 1194 viri
656 1143 745 1214 atque
768 1130 947 1208 doctissimi,
967 1134 1048 1213 typis
1064 1131 1238 1212 descriptas.
1281 1131 1322 1193 de

226 1237 337 1317 quibus
348 1237 486 1298 omnibus
499 1237 619 1316 planius
631 1233 761 1316 posthac
769 1232 884 1309 dicam,
901 1236 1035 1318 itemque
1048 1232 1087 1294 de
1098 1232 1229 1296 sanando
1241 1233 1322 1315 Lydi

225 1357 331 1418 opere,
353 1359 394 1400 ns
416 1355 678 1400 nactsrnsrrsce
698 1355 753 1398 aar
773 1353 923 1398 rcasrcas
942 1339 1118 1414 Romae,
1139 1337 1208 1422 aspi
1220 1331 1324 1419 ἆρχόν

223 1443 280 1518 τῆς
291 1438 445 1521 Ῥωμαίων
458 1441 625 1519 πολιτείας,
646 1440 733 1500 libris
747 1439 926 1531 ¹tribuspost
939 1441 1168 1500 commentarios
1180 1437 1218 1498 de
1231 1443 1322 1500 liten-

222 1543 307 1602 sibns
326 1543 460 1622 vulgatos
500 1541 534 1603 id
556 1563 632 1623 opus
652 1552 815 1623 antequam
833 1537 892 1600 hec
906 1537 1039 1602 editione
1052 1541 1132 1622 typis
1144 1541 1323 1602 mandatum

222 1654 286 1719 est,
310 1663 365 1724 per
379 1664 474 1706 annos
488 1647 551 1706 fere
567 1645 630 1712 800
647 1643 765 1704 delituit
777 1645 811 1704 in
827 1662 887 1709 uno
902 1643 968 1704 solo
982 1641 1115 1725 (opinor)
1130 1663 1226 1728 ecque
1240 1645 1323 1706 male

223 1744 331 1807 affecto
341 1745 463 1825 codice,
483 1769 540 1808 nec
553 1748 714 1830 quicquam
725 1747 850 1826 propius
866 1755 912 1807 est
922 1747 1040 1808 lactum
1049 1765 1143 1828 quam
1152 1756 1186 1805 ut
1198 1767 1324 1827 prorsus

223 1847 383 1912 occideret.
424 1853 548 1910 tertium
571 1860 672 1910 antem
692 1867 769 1930 opus
789 1857 834 1908 est
849 1858 919 1928 post
939 1849 993 1908 ills
1016 1845 1080 1908 duo.
1096 1849 1257 1928 scriptum,
1277 1869 1320 1910 ne

222 1952 397 2029 (lar-surse,
418 1950 487 2035 escol
499 1953 696 2032 διοσημειῶν,
716 1969 812 2032 aeque
826 1948 974 2010 inedium
984 1939 1104 2032 praeter
1116 1967 1211 2032 pauca
1225 1971 1323 2032 quae-

221 2051 315 2126 dam3
345 2073 406 2134 qno
432 2051 576 2136 quicquid
597 2051 635 2114 de
662 2054 830 2132 aruspicina
852 2053 1054 2134 fulguralique
1073 2055 1181 2136 populi
1192 2045 1322 2116 Romani

220 2151 381 2234 disciplina
403 2165 433 2216 et
454 2158 593 2217 universe
612 2153 652 2216 de
672 2157 797 2216 scientia
818 2165 981 2236 auguratus
1005 2153 1199 2238 doctrinaque
1218 2157 1321 2217 Tusca

220 2263 356 2336 tempore
375 2260 535 2320 Iustiniani
556 2257 632 2320 disci
652 2258 780 2338 scirique
801 2267 936 2337 poterat,
957 2269 1221 2340 quantamcunque
1244 2269 1320 2338 erat,

220 2357 299 2418 illud
310 2369 409 2420 toturn
421 2361 526 2443 Lydus
540 2361 677 2423 contulit.
719 2361 773 2441 qui
785 2361 862 2420 liber
875 2379 936 2441 quo
949 2371 994 2420 est
1004 2363 1102 2442 magis
1114 2362 1319 2422 abstrusarum

219 2479 427 2545 novarumque
447 2483 548 2524 rerum
569 2465 678 2544 plenus
697 2460 797 2544 adque
816 2464 930 2542 priscas
950 2466 1055 2544 populi
1076 2466 1205 2524 Romani
1221 2467 1319 2526 caeri-

219 2565 338 2624 monias
359 2567 599 2648 religionumque
622 2565 793 2626 sanctitates
818 2567 940 2626 intimas
962 2565 1129 2628 noscendas
1150 2567 1251 2643 utilis,
1280 2587 1318 2628 eo

219 2668 366 2728 maiorem
387 2667 539 2730 desiderat
555 2670 589 2728 in
607 2667 777 2748 legentibus
795 2665 1013 2730 dubitationem
1036 2679 1067 2730 et
1085 2688 1227 2744 acumen,
1255 2687 1318 2750 quo

217 2787 314 2829 novae
330 2781 399 2850 post
411 2773 450 2832 D.
462 2775 633 2851 Angustum
651 2791 707 2852 per
725 2779 829 2850 gentes
847 2770 933 2832 fiisse
946 2773 1170 2852 superstitiones
1184 2772 1223 2832 ab
1236 2773 1319 2832 anti-

218 2873 372 2952 quissimis
391 2875 436 2932 rei
455 2873 594 2954 publicae
613 2873 758 2934 institutis
776 2876 1030 2956 Etruscorumque
1049 2877 1214 2956 praeceptis
1235 2885 1317 2936 recte

218 2971 450 3054 distinguantur.
492 2995 551 3036 neo
575 2973 732 3036 dissimulo
754 2977 876 3036 omnino
892 2995 943 3037 me
958 2973 1059 3038 dolere
1076 2975 1160 3059 quod
1170 2987 1235 3036 tem
1247 2998 1316 3040 sero

104 3097 133 3150 p.
151 3095 202 3138 xrs
217 3073 323 3156 Lydus
339 3067 379 3138 ed
393 3075 567 3138 scribendos
576 3076 634 3139 hcs
646 3079 740 3140 libros
753 3097 786 3138 se
803 3079 1011 3158 applicaverit,
1033 3099 1127 3141 annos
1142 3090 1232 3140 natus
1247 3100 1317 3140 anr-

216 3179 300 3258 plius
313 3183 371 3255 60,
392 3181 571 3241 labefactata
589 3182 652 3240 iam
671 3200 707 3243 ac
724 3181 884 3242 vacillante
896 3181 1091 3259 memoriola,
1112 3184 1195 3242 cuim
1210 3185 1317 3242 immi-

215 3283 302 3342 nutio
322 3301 391 3340 cmn
412 3284 446 3342 in
468 3285 552 3342 omni
565 3285 708 3362 scriptore
721 3291 768 3342 est
779 3281 986 3361 incommoda,
1006 3293 1072 3344 nrm
1085 3287 1265 3345 munceio
1278 3305 1316 3346 eo

216 3383 271 3464 qui
284 3381 454 3444 reconditas
465 3385 557 3465 inque
571 3385 680 3464 vulgus
694 3386 813 3464 ignotas
828 3405 876 3446 res
889 3407 968 3448 unus
978 3397 1094 3448 tractet.
1136 3386 1214 3448 adde
1224 3386 1315 3465 illud,

214 3494 346 3560 veteres,
369 3485 529 3568 siquando
544 3485 746 3548 inscribendo
763 3488 891 3548 aliorum
907 3489 999 3550 verba
1016 3489 1173 3566 efferrent,
1195 3509 1315 3550 memo-

215 3589 288 3648 riter
311 3589 491 3672 plerumque
513 3609 571 3648 nec
592 3589 656 3650 ullo
675 3591 795 3650 evoluto
815 3592 969 3652 volumine
985 3613 1022 3652 ea
1039 3594 1106 3652 loca
1126 3611 1191 3652 esse
1207 3593 1241 3650 in
1258 3611 1314 3652 sna

212 3691 374 3750 manslerre
395 3695 504 3773 scripta
525 3693 647 3768 solitos,
666 3694 832 3754 sententiae
853 3695 1060 3775 multomagis
1075 3693 1315 3776 quamvecabu-

212 3792 314 3852 lcrnm
328 3789 431 3854 habita
444 3797 568 3856 ratione.
610 3813 688 3876 quae
705 3794 886 3856 consuetudo
900 3799 1020 3858 mmetsi
1031 3817 1120 3878 saepe
1135 3795 1315 3876 trepidatio-

212 3913 285 3954 nem
299 3893 394 3956 doctis
407 3899 720 3980 perturbationemque
733 3899 850 3976 attulit,
871 3909 973 3960 tamen
988 3908 1022 3958 ut
1037 3900 1178 3960 universe
1193 3917 1314 3958 summa

212 3997 351 4060 codicum
366 4001 468 4079 iuopia
481 4009 511 4060 et
523 4002 644 4060 caritate
660 4012 781 4084 totaque
795 3998 963 4062 studiorum
979 4010 1010 4061 et
1023 4001 1103 4061 vitae
1118 4003 1231 4060 ratione
1253 4019 1313 4059 ex·

211 4103 325 4179 cneori,
347 4103 389 4162 ita
409 4103 443 4161 in
462 4102 500 4162 iis
516 4105 692 4182 praesertim
705 4105 876 4164 auctonbus
893 4102 1006 4184 absque
1019 4123 1129 4183 magum
1143 4112 1226 4162 metu
1237 4101 1313 4161 ferri

210 4215 311 4286 potest
330 4207 383 4288 qni
408 4215 510 4266 mente
533 4205 595 4266 acri
608 4215 638 4266 et
652 4208 771 4286 vigente
787 4207 879 4268 libros
894 4203 1052 4266 ediderunt
1066 4225 1148 4266 snos.
1189 4203 1313 4286 Lydum

210 4317 327 4388 antem,
349 4307 530 4373 obliviosum
551 4327 588 4372 oc
608 4305 798 4393 desperatam
816 4328 937 4389 senem,
959 4310 1056 4372 fatcor
1070 4309 1184 4391 passim
1202 4327 1238 4368 ea
1253 4305 1312 4367 ad-
