2934 4868
235 352 257 399 x
524 329 634 398 Hastl
659 327 716 396 DE
739 325 898 396 lottttta
922 325 1041 394 LYDO

199 531 220 596 4
325 531 463 592 Profecto
482 533 565 591 enirn
576 533 610 591 in
623 528 714 591 huius
733 529 876 611 principis
888 539 1020 590 aetatem
1031 525 1258 590 accommodam
1272 529 1335 589 ali-

236 638 304 718 quis
317 638 411 717 possit
423 632 500 693 illud
514 640 620 714 poetae
634 632 741 694 inediti
755 644 785 694 et
797 631 961 692 admodum
974 633 1138 712 elegantis:

399 735 442 811 cle
456 732 491 798 dl
504 737 734 800 enarratam
749 735 784 800 dv
796 735 921 816 oiduass
935 737 1028 815 νῆσος
1042 729 1158 815 ἆνίσχιι

399 837 540 919 dnsdcliq
553 833 709 919 σταχύεσσι
721 837 774 901 sol
788 831 965 920 spessime
979 833 1125 922 stpdpdps

399 939 452 1004 sal
464 945 585 1025 θαλερῷ
596 945 718 1020 λειμῶνι
730 939 783 1003 aral
797 935 1000 1022 eddisdposcss
1014 940 1160 1022 ipimusc,

400 1039 459 1124 τήν
470 1040 504 1106 dd
515 1038 747 1124 superinducere
760 1043 966 1123 tentationem
979 1040 1075 1108 ddircs

399 1141 490 1226 tityre
502 1145 713 1226 devectiones·
724 1138 900 1226 ἆλικμήτωο
914 1145 1069 1228 μερίμνης.

144 1246 323 1317 puncius
342 1247 484 1326 imaginis
506 1267 596 1328 saepe
606 1245 690 1306 milri
707 1247 839 1306 venitin
860 1257 993 1306 mentem
1015 1243 1124 1304 tamin
1138 1238 1198 1302 hoc
1213 1249 1334 1320 ternpus

238 1350 381 1426 intuenti,
402 1345 484 1430 quod
503 1358 648 1430 tauream
667 1349 767 1410 insula
786 1349 937 1408 fortunata
951 1352 984 1408 in
997 1349 1074 1410 mari
1085 1347 1194 1406 infemo
1211 1347 1333 1419 eniteat,

238 1469 330 1535 quarn
348 1453 381 1510 in
399 1449 541 1510 historiae
553 1454 737 1531 Byeenfinee
751 1449 915 1526 studiosos,
937 1471 977 1510 ex
992 1453 1059 1511 luce
1072 1449 1248 1510 Iustinianei
1262 1463 1333 1508 sae-

192 1615 194 1620 ,
239 1555 300 1612 culi
327 1555 360 1610 in
386 1554 558 1614 Heracliani
584 1555 745 1633 caliginera
768 1552 866 1613 subito
887 1547 1065 1613 incidentes.
1107 1554 1220 1611 atenim
1239 1559 1274 1610 ut
1293 1550 1334 1608 sit

237 1658 375 1738 quemvis
396 1655 602 1734 vituperabilis
624 1657 780 1716 lmtinieni
801 1663 888 1715 aetas
900 1655 967 1716 aliis
984 1655 1090 1730 rebus,
1110 1653 1213 1714 cordos
1229 1662 1334 1712 umen

237 1759 410 1838 perstringit
431 1759 546 1818 obiecto
565 1755 723 1836 splendore
739 1755 870 1838 quodam
883 1777 946 1818 uon
959 1756 1051 1818 modo
1065 1759 1110 1816 rai
1120 1756 1258 1816 militaris
1275 1751 1335 1815 sed

238 1863 331 1918 marn
355 1861 527 1919 literanum:
556 1857 662 1918 hahuit
686 1866 789 1938 pottas
817 1861 1005 1938 tolerabiler,
1037 1854 1234 1940 philosophos
1268 1875 1334 1916 nou

237 1966 360 2022 omnino
382 1960 560 2036 delirantes,
582 1981 683 2020 rerum
704 1964 862 2043 scriptores
875 1965 968 2022 etiarn
981 1963 1161 2023 luculentos.
1204 1977 1335 2040 quorum

236 2066 374 2125 omnium
390 2064 424 2122 in
444 2083 570 2126 numero
589 2062 711 2144 Lydum
731 2063 856 2126 fortasse
874 2067 979 2144 reponi
1000 2074 1132 2144 oportet,
1160 2077 1334 2143 qrsauquam

237 2185 316 2248 quae
338 2168 469 2225 carmine
491 2167 642 2246 scripserit
662 2185 724 2226 nou
748 2177 908 2247 superant:
931 2168 1084 2248 scripsisse
1099 2176 1203 2226 tamen
1218 2171 1335 2224 constat

237 2288 279 2328 ex
300 2265 398 2326 edicto
417 2269 621 2348 imperatoris,
649 2288 682 2348 p·
702 2269 765 2332 222
783 2266 821 2346 4,
851 2268 995 2330 laudante
1015 2269 1195 2329 suavitatem
1213 2267 1278 2326 eius
1299 2267 1335 2326 in

236 2373 374 2452 poiticis.
414 2391 520 2432 verum
536 2389 614 2452 quae
628 2370 756 2431 feliciter
772 2371 987 2432 interciderunt
1001 2382 1054 2431 aut
1066 2373 1177 2445 latent,
1198 2389 1235 2428 ea
1250 2371 1336 2430 siua-

236 2495 305 2534 mus
320 2475 483 2556 quiescere.
513 2470 737 2552 philosophiam
749 2472 854 2555 Lydus
866 2485 946 2534 certe
957 2475 1073 2553 attigit:
1091 2471 1154 2533 rid.
1166 2492 1199 2550 p·
1212 2475 1281 2534 219:
1301 2467 1336 2534 4.

237 2581 410 2659 suscriptis
424 2575 512 2637 editis
524 2577 690 2654 illustrarit,
711 2578 823 2658 ambigi
835 2585 945 2658 petest.
981 2595 1054 2636 uam
1067 2573 1205 2657 quodilli
1219 2569 1336 2632 adscri-

236 2681 318 2740 bitur
332 2683 561 2740 commentorum
575 2683 610 2738 s'rs
631 2679 868 2758 discophorum
885 2679 922 2738 de
935 2699 1026 2738 unsar
1043 2689 1073 2737 st
1083 2676 1252 2758 plwuna‘a
1269 2675 1337 2732 sive

237 2785 337 2864 potius
357 2787 390 2842 in
414 2785 516 2843 locum
537 2802 579 2842 ex
595 2783 675 2842 libro
696 2783 800 2864 quinto
825 2779 1025 2861 Physicorum
1051 2777 1254 2859 Theophrasti
1282 2776 1338 2858 (v.

237 2887 356 2945 Harles.
378 2885 458 2944 Bibl.
479 2887 584 2946 Graec.
605 2886 668 2946 vol.
690 2890 711 2950 8
735 2904 766 2964 p·
788 2881 851 2949 444
877 2893 908 2942 at
933 2884 1068 2964 Catelog.
1090 2879 1242 2946 liiblicth.¹
1256 2881 1337 2958 aeg.

237 2989 333 3048 Paris.
348 2988 497 3052 1739f01.
512 2997 589 3068 part.
600 2991 622 3051 2
633 3007 665 3066 p.
675 2984 777 3067 424),
799 2985 833 3046 id
845 2996 946 3066 aparte
958 2987 1071 3050 falsum
1080 2995 1136 3046 est.
1179 3001 1337 3044 commen-

237 3094 332 3152 tarius
352 3092 435 3150 enirn
454 3091 524 3166 ille,
547 3091 602 3172 qui
622 3099 721 3150 exstat
741 3092 775 3148 iu
792 3087 858 3150 cod.
876 3101 978 3152 nostro
998 3091 1093 3168 Regio
1109 3083 1207 3162 1964,
1229 3093 1337 3164 astque
1465 3139 1466 3142 ,

156 3219 185 3273 p.
204 3217 221 3254 x
238 3197 336 3274 primo
355 3213 444 3254 casus
458 3211 478 3252 a
489 3195 606 3254 Victore
619 3193 811 3253 Trinoarellc
824 3195 930 3253 Venet.
947 3192 1026 3260 1556
1039 3191 1093 3252 iol.
1107 3209 1169 3250 una
1179 3207 1250 3248 oum
1260 3186 1339 3246 Ale,-
1465 3187 1466 3202 ²

236 3295 347 3356 xendri
366 3294 610 3375 Aphrodisiensis
630 3297 872 3372 Quaestionibus,
894 3296 998 3356 referri
1019 3292 1109 3354 debet
1129 3309 1193 3352 nou
1211 3288 1252 3350 ad
1271 3292 1339 3370 Ly-

238 3397 313 3458 dum
325 3408 461 3458 nostrum
474 3395 528 3456 sed
543 3396 583 3455 ad
595 3398 782 3456 Priscianum
798 3397 932 3478 Lydum,
955 3399 1009 3480 qui
1033 3397 1125 3458 simul
1140 3415 1211 3456 cum
1221 3391 1338 3454 Isidoro
1465 3429 1466 3432 =

238 3501 398 3560 Damascio
411 3500 568 3578 Simplicio
579 3500 706 3580 aliisque
720 3501 860 3580 antiquae
873 3502 1026 3580 religionis
1038 3497 1226 3581 philosophis
1237 3493 1339 3557 Atha-

238 3605 292 3664 nis'
302 3615 333 3663 et
344 3604 472 3682 imperio
486 3602 645 3662 Iustiniani
657 3604 795 3677 excessit,
811 3614 915 3684 estque
929 3602 1052 3663 demum
1065 3604 1163 3668 essa
1178 3599 1339 3662 aemma
1465 3591 1466 3598 ¹

238 3709 398 3766 Perennem
412 3724 483 3785 rege
498 3707 531 3764 in
548 3705 652 3766 orbern
665 3707 834 3764 Romanum
848 3705 1004 3766 reductus:
1025 3727 1057 3766 r.
1078 3703 1199 3764 Gttton
1209 3707 1338 3782 Hirtcry

239 3810 281 3890 ‘ff
295 3809 344 3867 the
364 3807 479 3868 deettm
497 3807 642 3887 andscll
662 3816 718 3866 etc.
742 3806 838 3873 vol·4
855 3809 984 3869 Medon
999 3811 1091 3884 1788,
1106 3806 1142 3884 4,
1164 3829 1196 3889 p·
1214 3811 1274 3872 118
1288 3825 1338 3884 tq·
1465 3875 1466 3878 ,

239 3915 325 3993 isque
336 3913 506 3972 Priscianus
520 3908 625 3992 Lydus
638 3919 750 3991 quanto
763 3912 880 3972 facilius
893 3931 963 3972 curu
975 3909 1061 3991 Lydo
1077 3921 1179 3971 nostro
1193 3905 1338 3970 confundi

240 4017 351 4095 possit,
373 4016 484 4096 quippe
503 4015 621 4095 aequali
643 4034 696 4072 erro
714 4023 744 4073 et
758 4015 913 4095 populari,
933 4013 992 4074 hoc
1007 4018 1173 4074 accuratius
1187 4023 1233 4072 est
1247 4011 1285 4069 ab
1299 4031 1338 4072 ao

240 4115 480 4196 distinguendus.
521 4120 609 4177 venio
631 4115 671 4176 ad
691 4114 832 4177 historica
850 4121 962 4198 scripte
978 4117 1058 4198 Lydi
1074 4118 1185 4190 nostri,
1208 4130 1338 4193 quorum

241 4217 301 4278 duc
315 4229 384 4278 sunt
397 4239 523 4299 genera,
545 4221 655 4295 altera,
677 4239 755 4300 quaa
769 4239 864 4282 senex
877 4220 989 4297 edidit,
1013 4217 1112 4280 adhuc
1128 4237 1169 4277 ex
1182 4227 1268 4298 parte
1280 4231 1338 4274 ex·
1465 4292 1466 4308 χ

241 4324 365 4402 stantia,
387 4323 479 4384 altera
503 4323 540 4384 ab
566 4321 755 4386 adolescente
778 4325 957 4406 composita,
979 4343 1055 4407 quae
1071 4323 1190 4403 penitus
1206 4337 1339 4381 evanue-
1465 4375 1466 4384 ,
