3054 4872
609 304 667 372 ΒΕ
693 301 909 372 OSTENTIS·
1231 303 1307 374 287

300 477 350 542 12.
399 473 438 532 Εἰ
470 469 501 534 ti
537 467 554 530 d
588 473 725 546 τοιοῦτον
755 465 897 554 τιομίγεητ
931 462 984 536 tet
1020 467 1206 554 μεσημβρίαν
1240 469 1305 548 ὁρᾷ,

210 573 321 650 οίγροσρ
341 577 389 636 καί
410 571 489 650 ὀξεῖς
509 568 555 630 ἐπ’
577 570 702 654 έοιιίνην
724 569 854 655 βάλλων
874 565 952 647 τούς
972 569 1131 652 ταρσούς,
1151 568 1228 649 περὶ
1245 567 1306 656 τὴν

208 680 329 752 θεριιὴν
350 677 467 762 τροπήν
487 669 588 750 λοιμὸς
608 671 714 756 βαρύς
735 669 931 740 ἐπιπεσεῖται
950 675 990 758 τῇ
1017 667 1127 760 Λιβύη
1149 674 1204 740 asi
1226 675 1305 758 πλῆ-

207 787 267 848 θος
287 786 417 840 ιιοιιιιαν
437 780 554 842 κακῶν.
596 772 669 842 ὅταν
700 775 731 834 ολ
759 770 812 840 aa
838 771 899 858 την
926 768 1049 854 ἄρκτον
1076 775 1151 860 έδη,
1185 773 1222 842 έκ
1242 778 1305 842 τοῦ

175 879 348 952 sicanas
378 879 396 954 ri
423 881 513 955 Λιβύν
535 875 611 949 κατὰ
633 880 701 946 τοῖν
721 876 864 962 βορείων
884 872 1128 958 στρατεύσεται,
1157 878 1306 962 μεγίστης

205 979 297 1068 αὐτῇ
318 981 534 1068 συμμαχούσης
554 982 705 1054 δυνάμεσι·
733 978 951 1046 έλαττοιθεῖσα
971 976 1017 1058 δέ,
1039 971 1109 1044 εἶτα
1127 977 1182 1042 uei
1204 975 1304 1044 deivo-

203 1108 268 1174 μιν
288 1081 419 1168 ξενικὴν
439 1087 649 1160 συλλαβοῦσα,
682 1084 734 1156 τήν
753 1083 804 1155 μέν
825 1077 930 1166 οίρχήν
950 1077 1014 1147 οὐκ
1036 1074 1181 1162 οίγεννολς
1201 1087 1305 1148 τιαθο·

202 1189 359 1256 πλίσεται
379 1189 445 1253 τῶν
466 1183 629 1259 ἐναντίων,
663 1182 698 1244 osi
725 1186 795 1257 μετα
823 1186 893 1244 ιιολδ
921 1181 957 1250 δὲ
977 1183 1024 1262 είς
1044 1185 1185 1266 παντελῆ
1207 1205 1305 1250 τιαιιο-

203 1288 387 1374 δαιμονίον
407 1293 559 1365 πεσεῖται,
582 1285 665 1354 ὥστε
685 1288 758 1372 μεταλ
776 1289 808 1346 ιλ
828 1285 1024 1360 διαιρεθῆναι
1044 1280 1139 1370 έγγὺς
1160 1283 1307 1364 ἅπαντας

152 1391 268 1466 sonci
289 1386 392 1456 αὐτόν
422 1385 732 1474 ἀνδραποδισθῆναι
761 1387 817 1454 καί
850 1389 973 1462 δεθῆναι
1002 1390 1052 1446 τὸν
1077 1385 1214 1470 ἡγεμόνα
1243 1392 1307 1452 τοῦ

202 1493 342 1570 ἔθνους.
386 1491 497 1560 ίστέον
518 1491 553 1559 δὲ
576 1487 620 1570 τίς
640 1487 771 1578 Λιβύην
790 1487 851 1574 τὴν
873 1486 938 1558 eiad
961 1495 1015 1564 τῆν
1044 1490 1167 1565 devicit
1188 1487 1306 1556 θαλάσ.

201 1613 269 1682 σηρ
291 1593 367 1680 ἄχρι
388 1595 559 1677 Γαδείρων
579 1591 602 1679 ἢ
622 1597 815 1676 Ταρτησσοῦ
836 1589 857 1678 ἢ
877 1597 935 1676 τῆς
956 1589 1132 1677 λεγομένης
1152 1601 1212 1661 τοῖς
1232 1598 1305 1650 πλει-
1395 1635 1403 1650 .

200 1714 299 1776 στοις
321 1693 455 1773 Fidens
482 1691 663 1782 λαμβάνειν
688 1691 801 1778 χρεών.
844 1691 923 1760 οὐδέ
949 1694 1012 1778 γὰρ
1039 1691 1114 1776 περί
1146 1693 1304 1776 Αίγνπτνν

199 1801 261 1873 τήν
282 1799 353 1870 λέξιν
373 1801 494 1875 ταύτην,
523 1793 597 1863 ἀλλ’
618 1791 793 1872 austures
812 1794 887 1878 περί
909 1793 970 1879 την
990 1792 1144 1880 Λιβνκήν
1165 1795 1304 1870 taceatur

151 1905 234 1978 15⁰²
258 1903 372 1960 noiomi
393 1897 661 1983 ἄπελαμβάνοντο,
681 1896 737 1963 καί
759 1893 985 1981 διαφερόντως
1002 1896 1063 1982 την
1076 1898 1302 1980 Μαυρουσίαν,

197 2005 254 2066 aas
284 1999 349 2062 ὅττι
373 2007 530 2088 προσεχεῖς
558 1999 621 2066 eloi
647 2002 718 2074 ποόε
745 2002 798 2070 vtis
825 2002 924 2078 διέτεις
945 1995 1111 2086 Εὐρώπη,
1141 1996 1234 2086 μόνῳ
1255 2023 1301 2066 ττι

197 2101 371 2190 λεγομένῳ
398 2109 498 2184 Σεπτρλ
526 2103 599 2162 sard
628 2097 708 2179 τούς
736 2100 913 2186 {saxosam
941 2101 1043 2170 οίονεέ
1070 2107 1212 2188 πορθμῷ
1241 2098 1301 2170 τίετ’

198 2205 310 2292 αὐτῆς
335 2207 593 2280 tammonem.
641 2201 744 2287 πέρας
777 2203 817 2283 δὲ,
839 2209 946 2290 λοιμολ
976 2201 1212 2290 ἐνοικήσαντες,
1256 2203 1303 2284 ὁρ

197 2309 362 2384 ἀπαρτίσαι
381 2312 445 2382 περί
464 2307 553 2392 γένος
576 2307 690 2367 ἕκαστον
710 2304 772 2392 τήν
791 2288 828 2373 έν
848 2309 967 2386 πολέμῳ
989 2304 1157 2382 ἀπώλειαν,
1179 2301 1304 2394 αὐχμὸς

151 2413 238 2484 ἷθὸέ
271 2409 305 2491 df
334 2405 440 2478 αὐτοῦ
468 2408 526 2476 καί
553 2405 649 2492 hyde
676 2407 816 2476 οέθαῦθιτ
842 2404 1054 2492 διαφερόντως
1078 2409 1224 2482 ένσνήψει,
1261 2410 1303 2486 oig

195 2506 352 2596 έλεεινδν
372 2508 433 2596 την
454 2508 544 2596 ζωὴν
558 2514 629 2588 τοῖο
649 2513 904 2592 περιλειφθεῖσιν
925 2509 1014 2570 εἶναι·
1042 2507 1138 2576 νόοιο
1159 2508 1221 2592 γὰρ
1244 2511 1303 2593 βα.

196 2623 278 2702 ρεῖα
299 2611 495 2679 ίπιπεσεῖται
515 2614 555 2700 τῇ
576 2609 635 2700 νέη
656 2607 782 2696 ἡλιαίᾳ,
814 2608 871 2676 set
898 2610 918 2677 ὁ
944 2607 1028 2687 ἥλιος
1050 2605 1303 2696 ἀποστραφήσε-

196 2741 266 2798 ται,
289 2711 347 2780 ιιαὶ
369 2709 532 2799 ιίνομβρία
552 2709 717 2800 λοιμώδης
737 2711 837 2782 ἔσται.
880 2712 910 2780 τί
931 2711 1038 2792 δδέπί
1058 2713 1156 2780 δι’σιν
1176 2708 1302 2794 ἀπίδοι,

274 2869 310 2923 12
325 2862 455 2935 γαδήροον
472 2858 492 2931 ἣ
511 2863 653 2934 ταρτησοῦ
671 2865 704 2918 c.
843 2865 876 2922 18
888 2863 1013 2934 γοίτδεονα
1030 2867 1067 2936 0,
1090 2869 1206 2924 secunda
1222 2867 1301 2924 litera

292 2937 423 3007 ropeiam
439 2933 536 2989 deleta.
552 2935 590 2987 Η.
665 2934 697 2988 15
714 2931 778 3004 την]
796 2931 882 2987 malim
898 2934 964 3005 scapi
979 2931 1043 3006 την.
1060 2935 1097 2992 Η,
1177 2939 1209 2992 15
1227 2940 1300 2992 coni.

271 2955 388 3078 Frocop.
402 3006 437 3059 de
451 3004 555 3058 aedific.
570 3005 587 3058 2
604 3003 654 3058 117
668 3003 701 3056 C.

271 3144 317 3200 12
353 3142 457 3206 Quodsi
474 3139 601 3195 eiusmodi
618 3145 733 3196 cometes
750 3140 779 3193 in
795 3138 956 3195 meridiem
1035 3145 1062 3209 t,
1079 3141 1192 3214 pallidas
1209 3149 1237 3200 et
1254 3163 1298 3200 ce-

195 3217 269 3272 leres
291 3231 325 3268 eo
343 3212 486 3282 proiiciens
502 3209 589 3278 faces,
613 3211 683 3264 circa
696 3209 835 3266 solstitium
852 3210 919 3264 aeati
998 3212 1082 3265 fames
1097 3213 1188 3281 gravia
1206 3223 1234 3268 et
1251 3233 1299 3268 νε-

195 3287 299 3340 riarum
323 3281 497 3335 calamitatum
521 3279 657 3334 multitudo
674 3279 782 3334 Africae
799 3279 910 3334 accidet.
946 3280 987 3334 sin
1008 3298 1072 3334 vero
1089 3293 1194 3351 spectat
1210 3283 1237 3336 in
1254 3303 1300 3336 se-

199 3353 378 3426 ptentriones,
395 3351 487 3404 Africa
501 3359 592 3402 contra
608 3351 635 3402 in
654 3348 800 3418 aquilonios
816 3349 933 3404 movebit
951 3348 1063 3417 beilum,
1088 3351 1188 3420 magnis
1206 3354 1237 3407 ad
1257 3353 1300 3406 sui

197 3423 327 3477 auxilium
342 3419 472 3474 adiunctis
490 3419 594 3501 opibus.
629 3419 701 3472 victa
718 3418 899 3485 nihilominus,
923 3419 985 3473 inde
1005 3419 1097 3474 ascitis
1114 3421 1198 3491 copiis
1221 3439 1300 3493 pere-

195 3493 294 3562 grinis,
312 3489 397 3560 primo
415 3489 484 3541 haud
501 3505 597 3557 ignave
612 3487 771 3570 repugnabit
788 3497 880 3542 eontra
895 3488 995 3542 hostes.
1013 3491 1128 3543 sednon
1145 3490 1225 3543 multo
1238 3499 1302 3560 post

196 3562 226 3616 in
243 3554 522 3616 consummatissimam
539 3557 670 3632 miseriam
688 3557 801 3624 incidet,
830 3567 859 3612 nt
875 3566 937 3626 post
952 3557 1063 3612 omnium
1080 3577 1164 3628 paene
1181 3560 1301 3614 interne-

196 3631 302 3684 cionem
320 3627 364 3681 τοί
379 3627 502 3696 princeps
515 3627 602 3694 gentis
616 3627 675 3697 ipse
688 3626 843 3680 servitutem
860 3636 888 3680 et
904 3626 1009 3680 vincula
1025 3646 1078 3682 non
1092 3627 1128 3681 sit
1141 3627 1299 3683 euitaturns.

197 3698 337 3752 sciendum
357 3707 442 3750 antem
464 3696 580 3748 Africam
603 3693 783 3765 accipiendam
808 3713 867 3750 esse
889 3697 923 3750 de
945 3697 1054 3764 regione
1079 3697 1149 3750 omni
1173 3716 1190 3751 a
1207 3699 1300 3752 Rubro

197 3767 266 3820 mari
283 3783 369 3835 usque
386 3765 488 3820 Gadita
505 3766 563 3818 sive
575 3764 740 3833 Tartessum,
758 3781 814 3833 seu,
832 3773 863 3818 ut
879 3764 1042 3886 apletisque
1057 3775 1177 3834 vocatur,
1197 3768 1299 3822 Gades.

198 3851 253 3888 non
266 3837 337 3890 enim
350 3836 383 3888 de
397 3837 520 3904 Aegypto
534 3841 639 3888 veteres
658 3834 725 3889 banc
738 3850 845 3898 vocem,
871 3851 900 3888 se
935 3835 1040 3904 quando
1057 3836 1177 3888 absolute
1194 3837 1299 3906 profer-

197 3911 259 3969 tur,
286 3907 321 3958 de
336 3905 428 3958 Africa
448 3904 586 3974 provincia
608 3911 637 3958 et
660 3904 802 3986 praecipue
825 3904 860 3956 de
880 3901 1042 3958 Mauritania
1063 3907 1242 3976 usurpabant,
1271 3913 1300 3959 et

199 3979 332 4041 quotquot
348 3973 415 4028 aliae
432 3973 554 4042 regiones
570 3973 603 4026 ad
618 3974 779 4028 occidentem
794 3971 921 4024 finitimae
935 3982 996 4026 sunt
1009 3975 1144 4043 Europae,
1171 3974 1228 4028 solo
1246 3975 1298 4027 Se-

198 4048 261 4108 pto,
281 4050 310 4093 ut
323 4042 425 4096 incolae
438 4043 587 4109 nominant,
604 4043 679 4111 quasi
696 4044 780 4108 freto,
805 4043 839 4094 ab
855 4058 888 4093 ea
900 4041 1051 4096 distinctae.
1086 4045 1118 4098 ad
1136 4053 1295 4114 postremum

199 4117 291 4177 pestes
305 4111 453 4166 obtinentes
468 4115 535 4167 adeo
550 4121 581 4166 nt
594 4120 818 4166 conssunmatnrae
837 4109 891 4163 sint
906 4110 969 4164 belii
985 4111 1171 4179 calamitatem,
1188 4113 1295 4166 siccitas

198 4176 328 4247 deinceps
342 4187 369 4232 et
380 4183 461 4234 inmas
478 4199 573 4250 magna
586 4179 694 4248 incidet,
712 4191 741 4234 ut
754 4179 909 4234 nsiserabiiis
923 4180 980 4233 uita
996 4181 1181 4251 superstitibus
1199 4183 1236 4238 sit
1251 4185 1294 4238 iu·

197 4251 270 4298 tura.
307 4265 366 4302 nem
384 4252 489 4304 morbus
514 4251 604 4320 gravia
621 4250 730 4303 invadet
751 4251 931 4317 inventutem,
959 4250 998 4302 soi
1019 4259 1093 4304 retro
1116 4261 1294 4318 convertetur,

78 4315 81 4322 '
197 4313 306 4382 pluviae
323 4316 414 4389 inopia
430 4320 559 4388 pestifera
576 4319 637 4376 erit.
673 4320 767 4392 quodsi
780 4318 808 4374 in
824 4318 986 4376 occidentem
1004 4320 1106 4392 vergit,
1134 4323 1167 4377 ad
1181 4323 1293 4378 Gadita-
