2934 4868
303 363 356 412 nn
644 340 756 411 1less
778 339 837 411 DE
862 341 1069 410 OSTENTIS

303 545 413 622 menis,
436 563 468 627 p.
480 558 536 606 m
544 576 583 590 -
592 561 714 606 num.
754 559 812 602 neo
823 543 985 626 quicquam
996 543 1060 603 iere
1073 539 1150 606 mibi
1160 539 1222 604 huo
1233 539 1438 606 addendum

302 673 366 740 est,
387 663 447 724 nisi
467 659 563 742 illud,
584 684 646 724 non
664 665 759 724 multo
773 673 842 744 post
855 661 1019 722 editionem
1033 662 1104 722 libri
1119 665 1164 723 De
1182 667 1438 743 magistratibus

301 802 506 864 possessorem
521 781 650 860 codicis,
672 785 772 842 mum
786 782 936 841 illustrem
947 781 984 840 G.
996 781 1035 838 A.
1050 777 1088 839 de
1101 777 1431 860 choiseul-Gouffier,

303 922 374 962 cnm
396 899 578 963 valetudinis
604 921 693 962 causa
714 901 939 982 Aquisgrenum
958 901 1145 977 secessisset,
1179 903 1276 962 subito
1299 903 1431 962 morbo

303 1041 481 1102 oppressum
493 1021 580 1082 bonis
595 1021 751 1097 omuibus,
775 1030 805 1079 et
819 1023 997 1100 praesertim
1008 1022 1046 1081 iis
1061 1025 1114 1104 qui
1127 1023 1221 1082 literis
1234 1021 1427 1082 mitioribus

303 1143 391 1223 politi
412 1150 498 1218 sunt,
519 1139 724 1199 tristissimum
743 1141 791 1200 sui
811 1137 994 1200 desideritnn
1006 1143 1175 1225 reliquisse.
1219 1159 1426 1202 commemo-

302 1261 409 1321 rsbsnt
434 1261 533 1322 ostnoti
554 1270 584 1318 et
604 1260 678 1320 olim
695 1259 855 1338 contigisse
872 1261 902 1320 ei
914 1261 991 1322 illud
1006 1259 1089 1343 quod
1104 1263 1223 1344 paucis,
1245 1272 1279 1320 ut
1294 1261 1426 1322 docens

197 1445 201 1452 ,
302 1391 411 1458 estate,
433 1381 467 1440 in
478 1397 596 1440 summo
609 1379 729 1438 fortuna
742 1388 832 1461 etque
842 1381 975 1458 potentis
990 1385 1175 1457 constitutus,
1195 1381 1290 1460 pluris
1301 1392 1424 1440 tsmeu

205 1517 234 1574 p·
253 1513 284 1556 tv
300 1497 394 1560 homo
411 1500 586 1580 ingeniosus
600 1518 635 1558 ao
651 1495 779 1558 disertus
798 1497 899 1558 studia
914 1511 943 1560 et
957 1503 1104 1580 ingenuas
1126 1511 1203 1562 artes
1219 1501 1421 1582 quambene

299 1621 354 1680 ills
372 1619 496 1678 fortuita
512 1619 611 1678 fecere
629 1619 669 1678 sit
684 1619 777 1678 visus.
820 1628 851 1678 et
865 1629 937 1678 tnnc
953 1639 1072 1704 quoqne
1086 1623 1179 1702 ipsius
1191 1624 1307 1682 iectura
1321 1642 1419 1682 com-

299 1739 402 1801 mnnis
418 1739 542 1819 contigit
556 1739 689 1814 Gellius,
710 1737 826 1818 patriae
840 1740 921 1815 eius,
947 1741 999 1800 ubi
1013 1743 1205 1823 amplissimis
1223 1750 1287 1799 eret
1304 1737 1415 1800 hono-

299 1859 383 1920 n'bus
404 1858 596 1940 perforemus,
619 1859 787 1917 communis
806 1859 965 1938 Graeciae,
988 1863 1073 1922 cuins
1092 1861 1207 1922 insulas
1226 1859 1331 1920 verbis
1352 1859 1415 1920 de-

299 1979 459 2059 scripsesst
473 1979 732 2060 exquisitissimis,
754 1989 844 2059 etque
858 1975 934 2038 adeo
947 1973 1089 2055 liussise,
1110 1977 1191 2059 apud
1203 1979 1288 2040 ossius
1301 1979 1412 2058 impe-

299 2109 430 2158 ratorem
445 2095 575 2156 Paulum
587 2117 697 2178 megno
712 2097 810 2158 fuerat
823 2099 908 2176 loco;
932 2099 1099 2160 oommmsis
1113 2099 1270 2178 praecipue
1286 2097 1340 2158 his
1355 2101 1410 2180 qui

299 2227 380 2278 ertss
394 2217 547 2296 elegentes
562 2218 674 2292 colunt,
695 2216 881 2299 literatisqne
895 2219 1044 2295 omnibus,
1065 2221 1163 2300 iisque
1175 2217 1315 2298 inprimis
1328 2235 1409 2298 qnos

298 2337 352 2399 ille
363 2356 425 2398 non
437 2338 568 2398 amicitis
580 2337 680 2397 solnm
692 2335 747 2396 sed
759 2337 962 2398 familiaritate
974 2338 1067 2396 etiem
1078 2355 1132 2396 sus
1145 2355 1205 2396 non
1218 2337 1342 2417 penitus
1355 2337 1407 2394 in-

300 2457 407 2540 dignos
421 2457 578 2518 iudicarat.
620 2455 781 2519 accedebat
796 2456 879 2540 qnod
895 2459 999 2520 obiens
1012 2458 1198 2518 luculentam
1213 2457 1336 2535 copiam
1355 2457 1407 2514 in-

296 2581 494 2660 scriptionum
515 2578 669 2656 signorum
692 2578 864 2638 tabularum
887 2576 1147 2658 sneglyphorum,
1180 2575 1363 2653 scriptiones
1385 2593 1403 2632 a

298 2718 365 2760 sese
382 2696 536 2758 inchoatas
552 2698 722 2776 perplures,
746 2694 922 2780 chartasque
940 2699 1084 2778 cuiusque
1100 2691 1183 2756 modi
1197 2691 1325 2752 aedibus
1341 2695 1402 2752 cil-

297 2819 396 2900 lisque
423 2815 549 2877 dirersis
570 2815 718 2898 disperses
740 2817 940 2898 relinqueret,
962 2835 1018 2874 neo
1038 2815 1200 2896 quicquum
1212 2815 1338 2894 propius
1356 2823 1401 2871 est

295 2937 412 2998 fectum
435 2953 527 3018 quem
545 2948 579 2997 nt
600 2957 652 3014 es,
673 2957 734 2998 non
758 2937 822 2997 sine
843 2938 997 2996 literarum
1019 2937 1186 3016 artiumque
1208 2931 1397 3008 detrimento,

295 3077 419 3140 prorsus
431 3053 656 3136 dissiparentur.
699 3074 871 3138 quanquam
884 3055 956 3116 huic
970 3054 1094 3138 quidem
1106 3051 1298 3114 incommodo
1313 3061 1344 3111 et
1360 3051 1397 3110 nb
1442 3063 1443 3082 ¹

295 3173 456 3236 heredibus
476 3175 557 3249 eius,
579 3175 651 3234 viris
671 3193 790 3234 summo
810 3175 956 3256 dignitate
976 3173 1135 3254 pmeditis,
1157 3183 1187 3232 et
1205 3173 1242 3232 ab
1263 3169 1395 3230 admini-
1441 3155 1442 3193 ³

296 3294 440 3355 stretione
462 3294 514 3373 (ut
527 3289 630 3372 siunt)
652 3313 698 3352 res
711 3295 867 3356 interiores
880 3295 1022 3354 FrancIee
1036 3292 1332 3373 magnificentissime
1346 3299 1392 3348 at·

295 3530 408 3616 desque
431 3533 526 3592 literis
546 3533 682 3609 insigniti
702 3551 799 3613 paene
821 3543 925 3592 cuncte
946 3535 978 3592 in
998 3551 1138 3592 museum
1151 3534 1281 3609 Regium
1294 3541 1388 3588 trsns-
1437 3569 1438 3636 q

210 3677 239 3732 p.
258 3675 276 3713 r
292 3653 457 3727 ferrentur,
481 3647 598 3710 codices
610 3669 703 3710 menu
717 3653 819 3730 scripti
833 3654 859 3711 si
872 3654 925 3734 qui
939 3662 1023 3712 erent
1047 3651 1153 3733 (erant
1168 3661 1270 3710 tamen
1282 3645 1386 3730 pauci)
1436 3693 1437 3749 ,

295 3434 355 3496 que
378 3411 606 3493 diligentissime
629 3423 823 3491 procurante,
846 3433 1002 3474 occursum
1023 3423 1068 3474 est
1084 3415 1141 3488 sic,
1163 3422 1197 3470 ut
1212 3413 1300 3490 signs
1314 3409 1391 3489 lepi-

293 3773 328 3830 in
346 3765 561 3830 bibliothecam
578 3769 715 3848 Reginus.
758 3773 802 3829 ite
823 3769 921 3831 denno
942 3774 975 3830 in
996 3791 1103 3830 manus
1119 3789 1203 3830 meas
1217 3769 1298 3830 venit
1310 3761 1385 3846 Lydi

293 3886 408 3963 codex,
449 3889 523 3948 olim
547 3891 721 3950 Coseolinus
755 3889 817 3971 (sic
840 3893 1008 3971 appellatus
1032 3909 1073 3950 ex
1098 3892 1196 3971 priore
1219 3903 1382 3971 possessore
1432 3885 1435 3984 q

290 4005 513 4087 maioribusque
539 4009 618 4086 eius,
656 4007 738 4091 qnod
766 4011 908 4069 comitum
934 4009 971 4068 de
997 4009 1119 4068 &seclo
1147 4011 1269 4069 nomine
1294 4021 1382 4064 anns-
1431 3999 1434 4083 l

290 4127 367 4185 lium
393 4129 597 4186 monumentis
626 4128 849 4210 celebrantur),
877 4149 958 4190 nunc
980 4131 1104 4208 Regius.
1148 4129 1233 4190 onius
1257 4125 1294 4188 de
1317 4137 1381 4200 spe·
1430 4091 1433 4198 i

290 4246 336 4305 cie
358 4265 394 4306 sc
415 4255 511 4322 statu,
532 4257 693 4329 postquem
705 4249 739 4308 in
751 4247 965 4312 bibliothecam
979 4260 1114 4311 nostram
1130 4247 1233 4308 illatus
1251 4253 1309 4320 est,
1330 4235 1379 4296 etsi
1429 4207 1432 4305 i
