3078 4862
345 287 402 357 DE
425 281 762 356 nsulsunmuus
787 283 823 352 Ρ.
843 281 884 352 R.
907 281 986 354 ΗΒ.
1004 279 1063 354 111.
1176 283 1250 358 203

157 455 249 550 μόγις
266 462 295 528 oi
316 459 430 546 νεότητι
451 455 593 544 σώματος
609 459 660 524 καί
675 458 763 548 πείρηι
778 453 963 548 πραγμάτων
979 455 1170 547 ὦχυρωμίνοι
1186 486 1250 526 κιν-

159 564 258 631 δύνων
280 563 339 644 δ’ξω
360 568 534 654 διαρκοῦσι,
560 561 677 628 δίονται
694 565 831 644 βοηθῶν.
881 565 935 662 καὶΙ
948 561 1095 629 detnato
1110 563 1165 646 μὲν
1179 563 1249 628 ἵκα-

158 694 233 746 στος
248 679 327 758 τρεῖς
342 665 458 754 ι’ίνδρας
476 667 548 744 τοδς
567 660 666 730 ndum
680 664 823 752 ἀρίστους
837 663 869 728 ἔκ
885 671 946 730 τῶν
960 664 1163 754 ταχυγρόρων
1180 665 1249 732 ἕπε·
1329 675 1332 682 ’

158 772 259 858 λίγετο
287 771 378 857 (ouidi
397 769 455 857 γὰρ
478 771 546 854 ἓξήν
561 767 605 852 μή
620 767 691 846 τοδς
704 769 793 858 πείρᾳ
804 793 836 832 τε
849 769 899 832 καὶ
915 765 1014 852 λόγοις
1027 770 1250 852 κοσμουμένους

131 873 215 958 ότὴν
235 876 421 962 λειτουργίαν
442 881 498 939 τοῦ
519 873 712 960 δικαστηρίου
735 872 911 955 πληροῦν),
936 877 989 934 νῦν
1012 871 1045 934 δὲ
1067 871 1105 936 τὰ
1124 873 1179 953 μὲν
1198 856 1252 956 τής

156 977 299 1063 ἓπιλογῆς
318 979 446 1062 sistetur,
472 973 488 1040 ὃ
511 977 545 1041 δὲ
567 975 701 1062 ἀριθμός
722 971 764 1040 ἴτι
785 976 836 1040 καί
855 977 908 1038 νῦν
928 968 1063 1052 σώζεται.
1113 971 1200 1039 δ’νθεν
1217 973 1251 1053 ’ἒξ

153 1079 297 1166 βοηθοδς
317 1089 454 1168 παρεῖναι
473 1081 631 1162 συμβαίνει
644 1085 689 1168 τῷ
704 1101 735 1143 τε
750 1078 882 1166 σκρινίου
896 1081 941 1164 τῷ
954 1101 985 1141 τε
1001 1077 1251 1162 κσμμενταρισίου

155 1185 265 1272 καὶτῷ
278 1190 333 1249 τοῦ
347 1183 579 1272 πριμισκρινίου,
604 1177 773 1268 ίπειδήπερ,
799 1177 841 1258 ὡς
857 1175 1093 1266 προδεδήλωται,
1120 1177 1178 1242 siud
1195 1176 1250 1244 δόο

155 1286 207 1352 ἐπ’
224 1283 290 1374 ἴτυς
305 1285 432 1352 ἕκαστον
446 1287 479 1350 lx
493 1291 553 1352 τῶν
566 1282 770 1372 ταχυγρόφων
781 1289 836 1366 τῆς
849 1281 943 1367 ζιόνης
952 1277 974 1354 ,ὅ
988 1279 1081 1364 νόμος
1095 1278 1252 1348 ἀπαλλάτ-

113 1404 149 1460 10
156 1415 212 1455 τει.
262 1392 315 1456 καί
334 1391 380 1466 τίς
401 1389 456 1454 cdx
471 1387 508 1454 δν
523 1385 722 1474 στοχόσηται,
749 1386 825 1476 πρὸς
838 1385 872 1452 τδ
886 1391 1006 1470 πλῆθος
1020 1391 1080 1451 τῶν
1094 1381 1251 1468 βοηθούν-

153 1518 218 1559 των
234 1489 383 1580 Ιδηοριῦν,
411 1491 467 1576 τὴν
487 1498 543 1563 τοῦ
562 1492 755 1578 δικαστηρίου
773 1487 990 1576 μεγαλειότητα
1009 1490 1059 1554 καί
1076 1487 1131 1572 τήν
1146 1493 1206 1554 τῶν
1221 1489 1252 1552 ἔν

153 1594 243 1682 αὐτῷ
260 1595 472 1682 πραττομίνων
486 1593 521 1660 τδ
537 1597 607 1682 πρὶν
620 1595 775 1681 δπειριἀν,·
801 1595 848 1657 lul
862 1594 896 1658 δὲ
910 1599 965 1658 τοῦ
982 1589 1146 1677 παρόντος,
1172 1617 1254 1677 πρα-

152 1691 282 1784 γμάτων
296 1698 351 1780 μίν
362 1698 407 1782 μή
422 1697 516 1768 όντων
530 1708 594 1776 τοῖς
608 1693 751 1780 ὑπηκόοις
763 1701 864 1761 καλῶν
878 1694 954 1782 πρδς
965 1693 1021 1778 τήν
1037 1693 1134 1782 ἀρχὴν
1193 1700 1253 1760 τῶν

152 1797 319 1888 ἁπανταχῇ
342 1798 546 1889 συρρεόντων,
579 1806 641 1866 τῶν
669 1800 702 1864 δὲ
725 1801 871 1864 ...uilem
896 1797 968 1876 ἴσως
992 1797 1061 1876 κατ’
1090 1797 1253 1864 adteretur

112 1901 255 1986 15(μετδ
277 1901 457 1990 συγγνώμης
478 1901 630 1989 εῖρήσθω·
663 1903 713 1968 καί
736 1901 795 1989 γδρ
819 1899 915 1988 λόγων
937 1903 1010 1968 εἰσίν
1027 1903 1173 1986 ἐρασταί)
1204 1899 1253 1964 int

155 2005 304 2084 δικαστὰς
326 2003 448 2094 ἱτίρους
468 2009 519 2072 καὶ
541 2002 691 2092 θυμήρεις
702 2013 766 2084 τοῖς
779 2002 945 2092 πράττουσι
960 2003 1014 2080 τὰς
1030 2005 1116 2084 δίκας
1131 2001 1182 2068 διδ
1193 2009 1254 2068 ταῖν

153 2109 322 2194 λεγόμίνων
343 2111 436 2174 θείων
461 2105 623 2174 κελεόσεων
649 2105 834 2194 ἀναγόντων.
895 2107 987 2190 (10)
1019 2110 1133 2191 κερδῶν
1159 2107 1193 2170 δὲ
1217 2107 1252 2170 od

153 2219 292 2298 σμικρῶν
304 2211 338 2277 τδ
352 2213 423 2298 πρὶν
438 2211 488 2276 ἔπ’
504 2211 624 2302 εἰρήνης
638 2214 687 2276 καί
703 2218 792 2295 τιμῆς
809 2206 995 2296 ἓξοχωτιίτης
1004 2209 1082 2292 μετὰ
1097 2207 1253 2294 δυνάμεως

154 2316 285 2400 ἰσχυρᾶς
296 2315 523 2400 περιγινομίνων
535 2324 598 2392 τοῖς
611 2322 671 2381 τῶν
685 2315 847 2400 είρημόνων
859 2314 998 2398 σκρινιίιιν
1007 2317 1153 2394 βοηθοῖς,
1176 2312 1253 2389 εἰκός

114 2407 193 2500 ωήν
213 2417 460 2503 ἐμφορουμένους
479 2417 590 2498 αδτοδς
605 2418 753 2496 decimis
769 2409 862 2492 αὖθις
878 2417 926 2480 iai
941 2413 996 2497 τήν
1012 2416 1115 2480 δι’λτον
1128 2417 1180 2480 καί
1197 2415 1252 2498 τήν

154 2521 187 2600 l}
211 2517 366 2608 ἀκερδιίος
390 2521 546 2591 ἐπιείκειαν
570 2521 778 2612 ἀναστρέφειν.
829 2515 917 2598 indes
940 2518 973 2582 ίκ
997 2514 1127 2600 δεήσεως
1153 2517 1252 2583 αὐτῶν

224 2733 243 2789 ’ί
266 2731 325 2802 lego
346 2729 386 2804 rqi
402 2749 432 2786 τε
449 2731 501 2789 τοῦ
522 2729 560 2804 oid
576 2727 654 2796 ὄντες
671 2733 796 2800 morviso,
819 2729 859 2803 τῷ
875 2747 905 2784 rs
921 2731 983 2784 rori.
1017 2729 1130 2798 scrinia,
1156 2729 1252 2800 quibus

224 2801 357 2855 adiutores
373 2800 495 2871 leguntur
512 2805 592 2870 (mli
614 2807 662 2870 11,
688 2805 737 2871 16,
758 2785 827 2869 io),
850 2801 902 2854 tria
918 2807 994 2867 sunt,
1019 2799 1143 2856 videlicet
1158 2798 1250 2884 primi-

222 2869 393 2940 scriniorum,
412 2870 680 2926 commentariensium
697 2871 804 2924 stactis
816 2871 1017 2940 praefectorum.
1035 2871 1070 2924 F.
1180 2871 1253 2930 8ος

223 2935 449 3024 προδεδήλωται]
480 2959 573 3013 nempe
605 2941 634 2994 in
665 2939 698 2993 iis
724 2955 791 3008 qnae
818 2939 930 3058 periisse
957 2939 1068 2996 diximus
1094 2941 1108 2992 1
1137 2937 1181 2994 48.
1216 2939 1251 2991 F.

224 3009 260 3130 qq
276 3010 371 3144 γαλιηη
395 3007 432 3132 (3ἑ
598 3017 661 3082 post
688 3003 776 3078 ἀρχὴν
802 3023 890 3078 putes
914 3007 1008 3062 literae
1032 3007 1188 3064 exstinctae.
1216 3009 1250 3061 10.

295 3091 331 3128 ασ
371 3093 411 3132 ατ

155 3269 183 3319 et
204 3281 290 3320 rerum
315 3263 478 3350 experientia
499 3264 617 3319 roborati
641 3266 686 3320 vix
706 3264 763 3320 sine
778 3263 894 3337 periculo
912 3263 1062 3336 sufficiunt,
1088 3267 1253 3324 adiutoribus

154 3341 244 3404 egent.
280 3341 307 3388 et
324 3335 384 3387 olsm
400 3334 503 3406 quidem
519 3335 559 3388 sin
606 3335 685 3389 'tres
703 3336 774 3390 viros
792 3335 878 3390 omnis
895 3337 1134 3410 praestantissimos
1151 3339 1183 3392 de
1202 3356 1250 3390 no-

154 3403 232 3456 tariis
253 3403 398 3473 eligebantr
423 3419 509 3473 neque
532 3422 600 3458 emm
617 3405 713 3459 licebat
730 3423 782 3458 non
799 3422 848 3459 usu
870 3405 1006 3476 literisque
1031 3415 1136 3461 ornatos
1159 3407 1251 3461 iudicii

154 3471 302 3526 ministeria
314 3471 431 3546 implere.
466 3490 535 3526 nunc
548 3483 633 3528 autem
649 3474 743 3528 electio
761 3474 916 3546 negligitur,
934 3491 1055 3530 numerus
1073 3495 1137 3532 vero
1158 3476 1250 3531 etiem-

154 3559 214 3596 num
232 3551 363 3596 servatur.
401 3541 464 3595 inde
481 3541 548 3598 actis
583 3543 774 3614 respositorum
788 3552 816 3597 et
828 3545 1096 3598 commentariensium
1115 3553 1141 3598 et
1160 3545 1250 3615 primi-

154 3610 309 3666 scriniorum
337 3610 434 3666 scrinio
461 3630 509 3666 sex
571 3621 669 3666 sutores
697 3621 839 3685 apparent,
885 3615 1089 3683 nandoquidem,
1120 3621 1149 3670 ut
1172 3632 1253 3684 snpra

155 3681 329 3750 ostendimus,
355 3681 433 3734 binos
452 3683 591 3752 quotannis
607 3681 722 3736 notarios
741 3683 784 3736 lox
799 3633 903 3752 cingdio
921 3684 1027 3738 liberat.
1062 3703 1094 3738 ac
1114 3683 1172 3754 quis
1192 3701 1253 3751 non,

154 3748 301 3804 adiuturum
315 3749 503 3805 multitudinem
516 3749 635 3819 intuens,
653 3751 816 3824 splendorem
834 3751 923 3806 iudicii
940 3771 1078 3822 rerumque
1095 3753 1255 3822 agendmm

154 3819 283 3872 infinitam
298 3819 357 3872 olim
374 3819 402 3872 in
420 3837 451 3871 eo
465 3819 566 3890 copiam
582 3821 665 3874 luisse
681 3819 831 3890 intelligat?
852 3838 909 3874 cum
927 3839 994 3874 nunc
1012 3821 1096 3877 nullae
1113 3821 1168 3876 sint
1184 3821 1251 3875 civi-

154 3889 203 3939 bus
216 3887 286 3956 litos,
305 3887 441 3959 (quicquid
457 3906 565 3958 usquam
583 3889 683 3960 egregii
757 3891 791 3943 ad
804 3889 960 3962 principium
976 3891 1145 3958 confluente)
1163 3899 1252 3945 et...

154 3963 241 4009 tamen
274 3975 304 4009 ro
318 3975 366 4011 suo
379 3958 489 4012 arbitrio
508 3961 596 4027 (bona
613 3961 690 4012 venia
707 3959 832 4012 dixerim:
849 3967 910 4014 sunt
928 3959 995 4014 enim
1011 3960 1144 4016 literarum
1161 3977 1251 4014 eman-

155 4029 213 4091 tes)
235 3976 273 4078 sd
287 4024 352 4080 alios
368 4035 511 4098 gratosque
527 4028 691 4097 litigantibus
708 4027 808 4082 iudices
826 4047 875 4100 per
888 4047 977 4084 sacrus
994 4029 1138 4099 iussiones,
1160 4037 1188 4082 ut
1202 4047 1249 4084 vo—

154 4101 231 4160 cant,
259 4111 350 4148 causas
376 4096 507 4152 deferant.
543 4099 614 4166 (10)
639 4097 760 4168 quoniam
782 4115 846 4150 vero
864 4115 915 4151 non
932 4115 1014 4168 parvo
1032 4099 1120 4168 lucro,
1148 4097 1207 4152 olim
1225 4097 1253 4152 in

152 4179 234 4231 pace,
260 4170 340 4232 etque
361 4165 564 4222 eminentissimo
589 4167 689 4220 honore
714 4184 806 4235 magno
832 4185 889 4222 cum
912 4173 1043 4238 potestate
1058 4167 1252 4252 praedictorum

154 4229 310 4283 scriniorum
332 4233 464 4288 adiutores
486 4237 650 4306 gaudebunt,
674 4253 783 4289 necesse
801 4245 858 4290 emt
875 4237 990 4308 repletos
1005 4237 1142 4306 dodrgnari
1157 4237 1251 4292 iterum

154 4299 189 4354 ad
209 4298 355 4357 codicissum
370 4304 581 4380 moderatumque
596 4305 693 4364 lucrum
710 4303 819 4362 roverti.
855 4305 917 4362 iride
931 4315 1025 4380 rogatu
1041 4306 1141 4362 illorum
1156 4305 1199 4362 lex
1216 4307 1251 4361 ab
