2934 4868
255 331 305 406 24
655 327 826 402 loturus
852 329 955 398 LYDl

254 502 347 582 όίλλος
365 504 457 593 φησίν
472 499 512 570 “i
529 501 564 584 ῗξ
582 501 719 593 ἀριθμός
738 501 940 590 ψυχογονικός
958 505 1038 570 ίστιν
1052 501 1112 567 ‹inl›
1127 499 1234 582 ίξόόος
1248 503 1367 570 ίπιντε-

255 607 400 692 δυόμενος
421 615 459 696 τῇ
475 613 530 674 τοῦ
547 607 659 685 παντὸς
675 609 804 696 σφαίρᾳ,
831 611 881 674 καλ
893 609 932 674 τὰ
946 608 1065 672 ἐναντία
1080 607 1117 671 tl
1129 605 1366 694 κατακερόννυ-

148 729 151 739 ’
254 737 320 788 σιν,
347 715 389 788 είς
414 707 556 795 όμόνοιαν
578 713 629 776 καλ
644 713 748 800 φιλίαν
761 707 837 796 ἄγει,
863 711 964 777 ἔπειτα
983 711 1017 776 δὲ
1032 705 1135 794 ιἰγείαν
1148 711 1204 792 μίν
1218 713 1367 792 ἐμποιῶν

254 825 317 892 ταῖς
339 813 476 896 σώμασι,
501 815 681 902 συμφωνίαν
700 815 735 879 δὲ
755 815 787 879 ἓν
805 812 884 906 λόρρ
905 816 955 879 καλ
975 819 1107 898 μουσικῇ
1130 815 1180 878 καί
1196 812 1307 900 ἀρετὴν
1325 817 1367 879 ἓν

254 924 341 1002 ψυχῇ
362 919 412 982 καλ
438 919 469 982 ίν
488 915 573 982 πόλει
601 916 745 1000 εόθηνίαν
768 913 799 982 ίν
820 944 852 986 τε
872 925 916 1009 τῷ
931 919 1019 983 παντλ
1033 914 1186 1004 πρόνοιαν.
1212 915 1287 983 ὅθεν
1300 919 1397 984 nats

251 1017 385 1105 Ὀρηείις
398 1021 466 1106 περλ
480 1017 587 1096 ἑξάδος
600 1019 696 1086 τοῦτό
713 1039 807 1108 φησι·

299 1119 418 1188 “tiata
433 1119 534 1204 κόδιγί
555 1121 680 1209 όριθμί,
706 1121 801 1210 πότερ
815 1117 972 1206 μακάρων,
998 1115 1093 1208 πότερ
1108 1119 1272 1208 ἂνδρῶν.”]

360 1223 417 1294 11·
467 1226 522 1308 τὴν
552 1223 687 1310 ίβόόμην
716 1221 832 1314 ἦμίραν
855 1223 1020 1310 Αίγόπτιοι
1044 1224 1101 1305 μίν
1123 1225 1174 1288 καλ
1196 1227 1367 1292 Χαλδαῖοι

255 1333 471 1416 προσφωνοῦσι
486 1329 639 1408 Φαίνοπι,
653 1327 732 1396 οότω
743 1327 808 1394 καί
823 1327 934 1405 αὐτοὺς
946 1327 1234 1415 προσαγορευομένῳ
1247 1327 1367 1416 όστίρι

253 1436 297 1515 τῷ
320 1427 440 1496 πάντων
463 1430 625 1519 όνιυτιίτῳ,
649 1429 780 1516 ψόχοντι
803 1430 906 1518 ίίκρως
923 1433 976 1495 καλ
997 1437 1153 1517 προσεχῶς
1172 1433 1362 1518 ξηραίνοντα
1375 1443 1414 1497 10

155 1555 184 1610 p·
201 1541 238 1598 26
255 1531 375 1620 Κρόνον
396 1535 430 1599 δὲ
450 1533 542 1600 αότόν
558 1533 701 1619 Ἓλλησιν
724 1535 798 1612 ίθος
819 1541 921 1600 καλεῖν
941 1533 1019 1600 κατὰ
1040 1533 1097 1615 μὲν
1118 1536 1280 1618 θεολογίαν
1302 1529 1365 1599 οἵα

254 1637 384 1724 όιακορῆ
398 1643 479 1718 νοῦν,
504 1637 581 1703 κατὰ
598 1639 632 1703 δὲ
648 1639 843 1724 ἔτυμολογίαν
860 1635 949 1702 οἶονελ
967 1631 1066 1722 πλήρη
1087 1637 1137 1700 καὶ
1151 1637 1263 1718 μεστόν
1278 1640 1364 1703 ἐτῶν

254 1737 321 1804 (ivel
342 1746 397 1806 τοό
423 1743 612 1826 μακραίωνα.
650 1743 682 1806 οἵ
698 1767 731 1827 γε
756 1741 819 1825 μὴν
845 1729 1060 1827 Πυθαγόρειοι
1081 1745 1127 1825 τῷ
1151 1734 1277 1822 ἡγεμόνι
1298 1747 1363 1806 τοῦ

253 1842 367 1919 παντὸς
387 1843 442 1926 τὴν
462 1841 597 1927 ἑβδόμην
618 1842 811 1910 ἀνατίθενται
817 1891 827 1924 ,
854 1843 992 1910 τουτέστι
1011 1847 1054 1932 τῷ
1076 1838 1136 1906 ἑνί·
1161 1844 1213 1919 καί
1231 1841 1363 1934 μάρτυς

250 1941 384 2034 Ὀρφεὺς
396 1947 489 2030 λέγων
502 1947 614 2024 οὕτως·
1371 1953 1407 2008 15

419 2045 547 2132 ἑβδόμη,
572 2049 610 2132 ἣν
626 2049 766 2136 ἐφίλησεν
778 2045 854 2128 ι’ίναξ
868 2043 1181 2135 ἕκόιργοςἍπόλλανν.

249 2145 425 2216 Ἀπόλλωνα
446 2151 480 2215 tt
507 2159 661 2234 μυστικῶς
684 2151 737 2217 τόν
759 2153 811 2217 λ’να
834 2152 979 2236 λίγισθαι
1001 2137 1222 2239 προειρήκαμεν
1242 2147 1297 2212 tat
1320 2147 1359 2214 τό

255 2251 383 2317 ἄποθεν
403 2249 477 2318 είναι
499 2261 560 2319 τῶν
578 2259 713 2333 πολλῶν,
737 2255 875 2322 τουτίστι
892 2253 996 2338 μόνον.
1023 2254 1127 2340 ὀρθῶς
1145 2245 1198 2318 τόν
1212 2249 1361 2339 όμήτορα

254 2355 308 2419 τὸν
323 2351 398 2420 ἑπτὰ
412 2353 576 2446 ἀριθμόνὸ
595 2355 748 2434 Φιλόλαος
760 2357 1000 2446 προσηγόρευσε·
1020 2355 1114 2441 μόνος
1126 2357 1186 2444 γίιρ
1205 2353 1273 2420 οότε
1286 2379 1359 2439 γεν-

254 2463 310 2522 νόν
324 2456 393 2523 οότε
408 2467 573 2544 γεννᾶσθαι
588 2461 713 2549 πίφυκε.
738 2462 774 2527 τό
797 2463 831 2527 δὲ
850 2461 927 2547 μήτε
944 2465 1053 2546 γεννῶν
1073 2457 1151 2542 μήτε
1170 2457 1402 2544 γεννώμενονὶθ

253 2559 411 2646 ἀκίνητον·
436 2565 468 2628 ίν
482 2562 594 2648 κινήσει
608 2564 667 2654 γὰρ
684 2561 705 2648 ἡ
721 2565 871 2650 γέννησις,
898 2565 1000 2648 ἐπειδὴ
1015 2564 1065 2628 καί
1078 2563 1113 2628 τὸ
1126 2567 1236 2648 γεννῶν
1253 2563 1307 2626 καί
1319 2560 1357 2626 τό

324 2739 337 2791 1
356 2732 445 2802 ἄλλως
457 2740 489 2794 P.
593 2737 803 2812 ἐπιτελουμένης
822 2741 872 2810 τῆς
891 2742 942 2795 τοῦ
960 2739 1067 2803 παντὸς
1084 2737 1206 2806 σφαίρας
1219 2735 1354 2790 Nolkiue.

322 2807 340 2861 8
357 2808 454 2875 φιλίαν
475 2807 520 2862 καλ
542 2805 678 2876 ὁμόνοιαν
697 2811 730 2864 Ρ.
869 2813 903 2865 12
919 2811 1073 2880 όιακορην,
1097 2807 1193 2862 omieec
1214 2807 1301 2876 νοῦν,
1320 2807 1354 2859 Β.

323 2877 356 2932 17
371 2875 587 2950 προειρήκαμεν]
605 2881 717 2950 eupra2
733 2879 760 2934 θ.

253 3031 328 3100 logos
341 3029 457 3086 mascula
475 3031 551 3086 aimul
567 3039 595 3086 et
614 3031 728 3087 feminea
741 3031 897 3104 appellatur.
925 3038 954 3087 et
972 3031 1037 3086 aliua
1053 3029 1158 3104 quidam
1174 3029 1240 3085 elicit
1255 3021 1354 3082 “eena-

254 3101 309 3155 riue
330 3117 452 3156 numerus
469 3102 611 3155 animorum
627 3121 805 3172 progenerant
821 3111 879 3169 eet,
898 3102 1107 3172 quandoquidem
1124 3103 1158 3154 ab
1174 3099 1275 3152 hexade
1293 3097 1354 3150 uui·

254 3170 327 3224 versi
339 3171 453 3238 sphaera
466 3171 616 3240 perficitur,
637 3171 758 3241 idemque
775 3170 906 3225 contraria
920 3172 1077 3239 permiscet,
1095 3171 1129 3224 ad
1145 3167 1311 3223 concordiam
1326 3173 1354 3218 at

253 3238 394 3293 amicitiam
408 3239 489 3308 ducit,
506 3241 602 3294 deinde
618 3257 682 3294 vero
698 3241 837 3295 sanitatem
851 3241 936 3294 afficit
948 3240 976 3294 in
992 3239 1145 3322 corporibus
1162 3245 1190 3290 ct
1204 3252 1351 3289 consonan-

253 3309 317 3361 tiam
330 3307 359 3360 ia
374 3307 432 3376 lyra
446 3318 475 3361 et
489 3309 587 3362 musica
601 3319 629 3362 et
643 3311 767 3364 virtutem
781 3309 808 3361 in
822 3310 917 3377 animo,
936 3319 965 3362 et
979 3309 1006 3361 in
1021 3309 1129 3361 civitate
1145 3305 1309 3372 felicitatem,
1325 3302 1353 3354 iu

253 3377 378 3430 rtruverao
398 3385 485 3432 autem
504 3374 724 3447 providentiam.”
754 3387 917 3448 quapropter
937 3379 1060 3448 Orpheus
1082 3391 1187 3460 quoque
1202 3375 1235 3428 de
1250 3373 1353 3426 hexade

253 3445 320 3566 hallec
331 3445 396 3500 dicit
408 3441 556 3518 “propitius
569 3447 606 3500 aia
620 3447 735 3516 gloriose
748 3465 864 3517 numere,
877 3447 982 3517 genitor
991 3446 1151 3513 caalaetmm,
1162 3443 1267 3514 genitor
1280 3457 1351 3495 mor·

253 3523 353 3568 tatum

325 3585 367 3637 11.
403 3569 782 3668 Septimum'diemulagyptii
801 3593 881 3654 atqua
901 3581 1028 3638 Chaldaei
1047 3581 1173 3637 addicunt
1194 3575 1351 3644 Phaenonti,

253 3651 346 3708 atellae
361 3669 429 3722 quae
443 3662 481 3707 ita
496 3655 565 3724 apud
580 3671 626 3706 eoa
640 3663 751 3706 vocatur
764 3654 875 3707 omnium
889 3671 1012 3718 aummae,
1029 3669 1097 3722 quaa
1114 3651 1251 3704 muiruum
1266 3651 1350 3714 trigue

252 3724 332 3776 aliart
353 3731 381 3775 et
400 3721 524 3776 contiuuo
545 3723 673 3787 πολιτεῖαι
703 3719 815 3788 Κρόνον
835 3741 892 3776 eum
915 3721 1014 3775 Graeci
1033 3720 1167 3774 nominare
1193 3719 1351 3771 consuerunt

252 3791 396 3845 aecundum
411 3791 585 3862 theologiam,
603 3792 744 3846 secundum
758 3791 942 3859 etymologiam
957 3807 1020 3842 vero
1035 3789 1178 3856 Διακσρῆν
1192 3786 1279 3870 (quasi
1293 3782 1348 3862 pla:

223 3869 228 3897 ¹
254 3877 315 3914 uum
330 3866 359 3913 et
374 3865 490 3914 catomum
503 3861 592 3928 annia)
610 3878 659 3931 pro
672 3860 837 3930 longaevum.
865 3857 1027 3928 Pythagorei
1042 3875 1106 3912 vero
1122 3865 1220 3909 rectum
1234 3855 1349 3908 univero

254 3928 324 3982 aliem
338 3929 476 3998 captiuum
498 3929 659 3997 attribuunt,
677 3929 705 3983 id
721 3937 763 3983 eet
781 3930 841 3996 uni,
867 3929 895 3983 id
908 3930 978 3999 quod
994 3935 1108 3982 testatur
1122 3926 1147 3978 0
1181 3925 1244 3977 haue
1260 3923 1348 3976 dicam

253 3991 422 4066 ''Septimua,
441 4013 518 4066 quem
534 3997 627 4052 dilexit
646 4015 694 4051 rer
716 3996 795 4067 longe
816 4016 929 4068 operans
950 3993 1070 4066 Apollo.”
1098 3993 1243 4065 Apolincm
1264 3998 1347 4044 autem

253 4065 366 4150 utyaticc
380 4083 458 4121 unum
471 4066 525 4120 dici
537 4077 599 4120 anta
612 4067 756 4150 docuimus,
773 4075 915 4138 propterea
928 4067 998 4136 quod
1009 4074 1077 4119 cata
1090 4063 1254 4146 multitudine
1262 4075 1344 4113 remo·

254 4134 753 4274 lllut‘ttttlttettttssslt„
763 4141 1345 4280 {tt‘lttlttffstti‘ttlutttt‘lff

254 4279 331 4324 neret
345 4287 431 4340 neque
444 4282 594 4341 generetur,
606 4275 675 4342 quod
690 4283 777 4328 autem
792 4292 876 4344 neque
886 4283 996 4343 generat
1005 4288 1090 4342 neque
1098 4277 1249 4340 generatur,
1259 4279 1343 4318 ιιυιιιο-

254 4337 307 4396 bile
323 4347 377 4392 eat:
395 4350 466 4394 motu
479 4341 549 4396 euim
562 4341 699 4412 generatio
713 4345 878 4412 continetur,
896 4342 991 4414 partim
1013 4350 1042 4396 ut
1056 4347 1181 4412 generet,
1205 4335 1297 4408 partim
1318 4336 1345 4382 αλ
