3030 4866
267 299 326 383 ?74
634 373 641 386 ,
678 303 850 378 tornius
879 303 982 372 LYDI

269 482 364 555 ναόν,
389 475 479 543 οἱονεὶ
499 475 557 560 τὴν
576 480 631 544 teil
653 471 771 561 κόσμου
795 473 917 562 ψυχήν·
944 481 1098 562 πολλαχοῦ
1117 474 1177 565 γὰρ
1204 473 1388 568 εὑρίσκομεν

275 579 319 660 ὥς
333 577 350 648 5
366 577 489 664 σόμπας
505 579 620 663 κόσμος
634 581 715 659 Ζεός
730 580 908 664 ὀνομάζεται
928 581 1035 658 dedalo
1053 581 1175 660 ἀεέςιυον
1190 583 1241 646 καὶ
1259 581 1387 650 ότελεό-

273 709 375 770 τητον.
427 683 563 767 Σεμέλης
584 685 619 749 δέ
638 675 891 753 αότόνποιοῦσιν
911 685 979 750 υἱὸν
1000 681 1042 762 ὡς
1056 679 1116 750 int
1135 693 1192 770 γῆν
1206 684 1385 772 κρυπτόμε-

274 813 328 856 νον
348 787 399 854 καὶ
422 787 475 852 διὰ
497 795 552 854 τοῦ
568 784 700 874 Ἑρμοῦ,
726 789 862 854 τουτέστι
880 795 935 854 τοό
956 785 1065 874 λόγου,
1085 787 1239 876 προϊόντα,
1266 791 1385 880 καὶτῷ

272 898 365 980 μηρῷ
376 896 430 956 rod
445 891 524 968 Διὸς
538 889 754 978 έντρεφόμενον
767 891 901 958 οἶονιλέν
916 902 979 970 τοῖς
994 890 1178 980 ἀπορρήτοις
1190 899 1245 960 τοῦ
1262 891 1417 976 κόσμου5
1506 951 1507 960 ,

273 992 486 1074 λανθάνοντα,
513 995 564 1060 καὶ
588 993 863 1094 ὃιθόραμβονῠκαλ
895 994 1046 1084 διμήτορα
1069 997 1121 1061 τὸν
1149 993 1205 1062 delo
1227 996 1385 1084 προόδους

272 1096 425 1183 λαχόντα,
445 1097 500 1181 τὴν
517 1099 573 1182 μέν
595 1098 775 1184 ἀνατολικὴν
798 1100 875 1188 πρὸς
890 1098 977 1166 νότον
993 1101 1024 1164 ἓν
1036 1106 1179 1183 χειμῶνι,
1201 1100 1257 1186 τὴν
1275 1101 1309 1165 dl
1321 1107 1386 1184 ,θο-

266 1203 356 1289 1ρειάν
378 1200 456 1288 πρὸς
478 1201 598 1284 δυσμὰς
620 1205 652 1268 έν
666 1211 710 1292 τῷ
730 1205 828 1291 θέρει.
878 1207 930 1272 καὶ
947 1210 1044 1270 τοιῦτα
1059 1205 1115 1285 μέν
1130 1206 1198 1290 περὶ
1214 1202 1385 1282 Διονόσου.

272 1307 305 1370 έν
335 1306 370 1370 δέ
401 1311 440 1391 τῇ
470 1302 570 1396 ἧμέρρ
600 1313 660 1372 τῶν
690 1308 910 1391 Βακχαναλέεον
933 1303 1130 1394 Δημόκριτος
1155 1305 1286 1374 (λόεσθαι
1308 1305 1385 1384 τοός

273 1405 399 1492 ῖχθόαςὶ
414 1409 508 1493 λέγει,
534 1405 550 1474 5
577 1411 611 1474 δέ
624 1409 758 1498 Βάρρων
781 1411 989 1494 ἇνεμομαχέαν
1013 1409 1140 1476 έστσθαι
1158 1414 1433 1498 παραθέιλωσιΜο

274 1511 372 1590 οὕτως
391 1513 448 1594 μέν
470 1509 490 1596 ἦ
515 1511 683 1597 παλαιότης
706 1517 774 1602 περὶ
798 1514 836 1580 τιλ
862 1511 1024 1582 Διονόσια.
1094 1514 1124 1580 oi
1147 1517 1303 1596 Χαλδαῖοι
1326 1513 1384 1580 τὸν

178 1635 206 1687 u·
225 1614 259 1672 84
274 1617 352 1680 θεὸν
368 1615 438 1682 Ἰαὼ
459 1616 597 1701 λέγουσιν
623 1617 703 1700 (όντλ
718 1625 773 1684 τοῦ
791 1625 859 1707 φῶς
875 1615 996 1702 νοητόν)
1020 1622 1059 1705 τῇ
1078 1619 1225 1684 Φοινίκων
1245 1615 1384 1704 γλώσσῃ.

275 1722 329 1785 καὶ
341 1717 484 1802 Σαβαὼθ
501 1722 535 1785 dl
551 1726 707 1806 πολλαχοῦ
722 1722 852 1808 λέγεται,
878 1717 943 1788 οἷον
958 1717 974 1787 5
989 1717 1065 1808 όπέρ
1078 1721 1150 1800 rode
1165 1719 1241 1786 ἑπτὰ
1256 1720 1383 1800 πόλους,

274 1824 428 1890 τουτέστιν
444 1819 460 1889 5
477 1825 673 1911 δημιουργός.

380 1925 440 1996 39.
492 1926 551 2012 πρὸ
568 1927 727 1994 δεκαπέντε
740 1929 901 1993 καλανδῶν
911 1925 1071 2014 Ἅπριλέων
1091 1923 1107 1992 5
1125 1922 1297 2011 Εὐκτήμων
1310 1951 1380 1991 ποι·
1391 1945 1427 2000 15

273 2030 378 2106 ια’λους
395 2029 524 2109 ἀνέμους
536 2031 633 2095 πνέειν
649 2032 735 2115 λέγει.
762 2033 931 2119 κειραλαέαν
949 2032 983 2098 δὲ
998 2030 1145 2114 Ἀθηνᾶν
1159 2031 1214 2114 τὴν
1229 2027 1380 2118 φρόνησιν

274 2132 314 2198 ι’έν
325 2158 372 2209 τις
386 2131 481 2196 τόποι·
508 2134 559 2198 καλ
580 2133 640 2222 γὰρ
659 2135 707 2199 ἐπὶ
726 2141 781 2198 τοῦ
805 2135 992 2222 βρέγματος,
1019 2134 1149 2200 κατὰτὸ
1168 2133 1380 2220 ιλιτυιέφαλον,

274 2237 490 2310 ἐναποκεῖσθαι
509 2236 625 2320 λέγεται
649 2238 737 2325 [πρὸς
754 2247 822 2314 ταῖς
842 2237 937 2323 ῥέξαις
964 2244 1019 2302 τοῦ
1042 2235 1220 2326 έγκειρόλου]
1245 2246 1308 2312 τοῖς
1324 2235 1380 2300 ἇν-

273 2337 414 2426 θριόποις
430 2335 449 2422 ἢ
466 2337 622 2428 φρόνησις.
675 2341 751 2406 ὅθεν
763 2340 954 2426 ὀργιζόμενον
965 2339 1114 2425 Ἀχιλλέα
1122 2342 1259 2428 Ὅμηρος
1276 2342 1308 2404 ix
1322 2345 1379 2405 τοῦ

271 2443 445 2530 βρέγματος
470 2441 642 2526 πιεζόμενον
660 2440 791 2528 ὑπὸτῆς
809 2445 956 2526 Ἀθηνᾶς
970 2447 1100 2528 ἕποιίγσε,
1127 2446 1220 2530 λέγων
1235 2439 1425 2526 “iachim

271 2548 307 2612 δέ
322 2545 420 2630 κόμης
433 2548 479 2612 tte
496 2549 687 2629 Πηλει’ωνα.”
739 2550 790 2614 καὶ
812 2553 985 2632 γλαυκῶπιν
1009 2547 1104 2632 αὐτὴν
1123 2549 1175 2612 ded
1189 2547 1223 2612 τὸ
1237 2548 1379 2633 πυρῶδες

270 2648 425 2740 γράφουσι
434 2697 445 2729 ,
470 2651 521 2716 καὶ
535 2657 652 2736 γλαῦκα
665 2651 744 2740 αὐτῇ
761 2651 796 2718 τό
814 2650 917 2739 ὄρνεον
930 2652 1169 2740 προσνέμουσιν,
1195 2650 1269 2740 ὅπερ
1286 2647 1378 2738 ἐγρή-

340 2911 359 2968 7
377 2907 521 2983 ἀνατολὴν
536 2913 571 2968 Ρ.
674 2915 712 2970 22
726 2912 850 2982 γλαῦκον
866 2913 903 2968 V.

271 3156 393 3220 mentem,
410 3153 486 3222 quasi
499 3155 588 3210 mundi
601 3153 728 3210 animm
747 3173 829 3226 saepe
845 3153 913 3210 enirn
929 3154 1074 3226 reperimus
1088 3153 1237 3210 universum
1254 3151 1376 3206 mnndum

270 3221 363 3278 Iovem
380 3223 517 3292 nominari,
535 3232 678 3296 propterea
693 3227 764 3297 quod
778 3243 883 3296 semper
901 3226 976 3294 viget
990 3233 1017 3278 et
1034 3225 1152 3278 insrnitns
1171 3232 1221 3276 est.
1258 3221 1377 3274 Semeles

271 3302 360 3347 autem
373 3311 432 3346 eum
445 3294 547 3348 faciunt
559 3295 649 3363 filium,
665 3305 694 3350 ut
708 3313 765 3348 cum
779 3296 825 3364 qni
838 3297 888 3350 sub
901 3303 974 3348 terra
987 3295 1093 3348 abditur
1107 3303 1134 3346 et
1147 3311 1196 3364 per
1206 3290 1376 3357 Mercurium,

271 3362 300 3416 id
315 3371 357 3416 eat
370 3362 523 3432 orationem,
537 3365 643 3434 prodit3
662 3373 690 3418 et
704 3365 732 3418 in
749 3366 849 3417 fautore
868 3365 940 3417 Iovis
956 3363 1059 3430 nutriri,
1079 3363 1151 3418 velut
1166 3363 1194 3415 in
1208 3359 1318 3414 secretis
1333 3359 1375 3412 lo-

273 3432 311 3484 cis
327 3432 416 3484 mundi
432 3431 571 3497 latentem
589 3444 616 3487 et
629 3434 829 3502 Dithyrambum
844 3443 871 3486 et
884 3435 985 3487 duabus
999 3435 1126 3487 matribus
1140 3440 1237 3497 natum,
1252 3439 1375 3498 tanquam

273 3517 332 3554 eum
345 3501 391 3569 qni
405 3501 470 3554 duos
486 3503 572 3556 exitus
585 3503 695 3558 sortitus
710 3511 760 3570 eet,
774 3502 937 3571 orientalem,
951 3503 1086 3556 meridiem
1101 3519 1203 3570 verane,
1219 3500 1313 3566 hieme,
1330 3517 1376 3550 se·
1434 3561 1437 3566 Ι

291 3569 489 3638 tentrionalem‚
514 3573 677 3626 occidentem
692 3590 802 3639 versus,
820 3581 931 3626 aestate.
967 3573 1033 3625 haec
1049 3573 1176 3624 hactenus
1195 3572 1228 3623 de
1244 3569 1375 3634 Dionyso.

271 3581 505 3694 Bacchanaliorum
519 3651 607 3696 autem
623 3642 667 3696 die
684 3641 850 3696 Democritus
867 3643 988 3696 occidere
1001 3641 1093 3694 Pisces
1114 3639 1188 3706 dicit,
1208 3639 1292 3692 Varro
1308 3653 1376 3689 ven-

270 3715 356 3762 torum
371 3725 484 3778 pugnam
499 3713 613 3766 futuram
627 3713 714 3771 docet.
744 3711 783 3763 ita
796 3711 939 3780 antiquitas
951 3711 1022 3765 cirea
1034 3707 1218 3764 Bacchanalia.
1248 3705 1375 3760 Chaldaei

270 3779 348 3831 deum
361 3779 407 3832 lao
422 3779 514 3834 dicunt
527 3783 588 3849 (pro
602 3779 688 3835 lumen
701 3782 772 3850 quod
784 3787 872 3834 mente
884 3780 1045 3864 percipitur)
1059 3779 1219 3833 Phoenicum
1234 3776 1332 3845 lingua,
1347 3783 1376 3829 et

270 3847 390 3900 Sabaoth
408 3867 473 3902 vero
492 3867 574 3919 saepe
590 3851 696 3918 dicitur,
714 3849 827 3904 velatis
847 3867 892 3920 qur
911 3859 953 3905 est
969 3867 1051 3922 cuper
1066 3859 1167 3920 septem
1184 3847 1268 3918 polos,
1287 3845 1314 3898 id
1333 3851 1376 3898 eet

270 3917 335 3970 dena
353 3917 444 3986 opifex
457 3937 481 3972 s.
495 3928 650 3988 procreator
664 3919 763 3974 mnndi.

338 3987 383 4040 39.
418 3987 451 4042 A.
469 3990 496 4042 d.
517 3990 549 4042 15
567 3989 728 4044 kalendash
749 3989 811 4043 rilee
827 3989 975 4044 Euctemon
989 3988 1081 4043 vanos
1097 3995 1191 4040 ventos
1208 3985 1275 4040 flare
1298 3980 1373 4038 dicit.

269 4054 418 4109 Minervam
432 4057 700 4127 capitalem.mentem
715 4009 750 4114 ah

266 4123 375 4206 pilium,
399 4126 452 4180 sita
467 4145 527 4180 ease
545 4127 643 4181 dicitur
657 4129 751 4200 [prope
767 4127 870 4182 radices
888 4129 1003 4198 cerebri]
1019 4127 1167 4182 hominibus
1185 4144 1269 4178 mene.
1304 4123 1373 4176 unda

266 4202 424 4248 irascentem
447 4195 573 4252 Achillem
597 4199 727 4252 Homerus
744 4197 868 4268 sincipite
889 4198 973 4266 premi
991 4218 1014 4251 e.
1038 4195 1202 4268 apprehendi
1220 4215 1236 4248 a
1251 4195 1373 4247 Minerva

266 4261 348 4329 fecit,
364 4264 455 4318 dicens
472 4261 523 4322 “et
537 4268 608 4322 flava
624 4285 698 4321 coma
714 4267 856 4338 prehendit
870 4261 1021 4320 Pelidem.”
1057 4276 1086 4320 et
1101 4265 1183 4320 oculis
1201 4263 1295 4320 caesiis
1316 4279 1371 4314 eam

266 4339 378 4402 ΡΝΡἪ
390 4341 510 4392 ”turam
524 4336 628 4408 igneam
641 4336 761 4410 pingunt
781 4345 809 4398 et
821 4344 942 4394 noctuam
957 4338 984 4392 ei
997 4355 1073 4410 avem
1086 4335 1244 4403 attribuunt,
1260 4341 1290 4386 ut
1305 4349 1372 4402 quae

743 4059 810 4128 'qnia
829 4058 915 4112 dicat:
934 4059 1031 4112 etenim
1046 4059 1074 4114 in
1092 4056 1232 4126 sincipite,
1251 4055 1285 4109 ed
1303 4051 1372 4107 occi-
