<?xml version="1.0" encoding="UTF-8"?>
<!DOCTYPE html PUBLIC "-//W3C//DTD XHTML 1.0 Transitional//EN"
    "http://www.w3.org/TR/xhtml1/DTD/xhtml1-transitional.dtd">
<html xmlns="http://www.w3.org/1999/xhtml" xml:lang="en" lang="en">
 <head>
  <title>
</title>
<meta http-equiv="Content-Type" content="text/html;charset=utf-8" />
  <meta name='ocr-system' content='tesseract 3.04.00' />
  <meta name='ocr-capabilities' content='ocr_page ocr_carea ocr_par ocr_line ocrx_word'/>
</head>
<body>
  <div class='ocr_page' id='page_1' title='image "./ioanneslydus00lydugoog/ioanneslydus00lydugoog_0197.png"; bbox 0 0 3078 4870; ppageno 0'>
   <div class='ocr_carea' id='block_1_1' title="bbox 259 305 965 388">
    <p class='ocr_par' dir='ltr' id='par_1_1' title="bbox 259 305 965 388">
     <span class='ocr_line' id='line_1_1' title="bbox 259 305 965 388; baseline -0.014 -2"><span class='ocrx_word' id='word_1_1' title='bbox 259 313 333 388; x_wconf 74' lang='lat'><strong>126</strong></span> <span class='ocrx_word' id='word_1_2' title='bbox 663 305 835 378; x_wconf 79' lang='lat' dir='ltr'><strong>lOANlllIS</strong></span> <span class='ocrx_word' id='word_1_3' title='bbox 860 307 965 376; x_wconf 79' lang='lat' dir='ltr'><strong>num</strong></span> 
     </span>
    </p>
   </div>
   <div class='ocr_carea' id='block_1_2' title="bbox 255 476 1364 573">
    <p class='ocr_par' dir='ltr' id='par_1_2' title="bbox 255 476 1364 573">
     <span class='ocr_line' id='line_1_2' title="bbox 255 476 1364 573; baseline -0.014 -18"><span class='ocrx_word' id='word_1_4' title='bbox 255 489 389 555; x_wconf 82' lang='grc' dir='ltr'><strong><em>νατίοννα</em></strong></span> <span class='ocrx_word' id='word_1_5' title='bbox 402 484 459 569; x_wconf 80' lang='grc' dir='ltr'><strong>τὴν</strong></span> <span class='ocrx_word' id='word_1_6' title='bbox 473 481 648 570; x_wconf 88' lang='grc' dir='ltr'><strong><em>τυραννίδα.</em></strong></span> <span class='ocrx_word' id='word_1_7' title='bbox 700 476 744 560; x_wconf 78' lang='grc' dir='ltr'><strong><em>ὥς</em></strong></span> <span class='ocrx_word' id='word_1_8' title='bbox 759 483 998 569; x_wconf 88' lang='grc' dir='ltr'><strong><em>καταρρίπτουσι</em></strong></span> <span class='ocrx_word' id='word_1_9' title='bbox 1018 480 1075 566; x_wconf 82' lang='grc' dir='ltr'><strong>τὴν</strong></span> <span class='ocrx_word' id='word_1_10' title='bbox 1092 483 1244 566; x_wconf 76' lang='grc' dir='ltr'><strong><em>βασιλίσιν</em></strong></span> <span class='ocrx_word' id='word_1_11' title='bbox 1265 511 1364 573; x_wconf 53' lang='lat' dir='ltr'><strong>popa.</strong></span> 
     </span>
    </p>
   </div>
   <div class='ocr_carea' id='block_1_3' title="bbox 256 585 1391 988">
    <p class='ocr_par' dir='ltr' id='par_1_3' title="bbox 256 585 1391 988">
     <span class='ocr_line' id='line_1_3' title="bbox 257 585 1364 678; baseline -0.001 -21"><span class='ocrx_word' id='word_1_12' title='bbox 257 591 398 675; x_wconf 76' lang='grc' dir='ltr'><strong>λειότητα</strong></span> <span class='ocrx_word' id='word_1_13' title='bbox 415 589 444 654; x_wconf 84' lang='lat' dir='ltr'><strong>oi</strong></span> <span class='ocrx_word' id='word_1_14' title='bbox 461 589 587 674; x_wconf 78' lang='grc' dir='ltr'><strong><em>πονηροί</em></strong></span> <span class='ocrx_word' id='word_1_15' title='bbox 605 585 749 664; x_wconf 83' lang='grc' dir='ltr'><strong><em>κόλακες,</em></strong></span> <span class='ocrx_word' id='word_1_16' title='bbox 770 589 803 664; x_wconf 81' lang='grc' dir='ltr'><strong>ίξ</strong></span> <span class='ocrx_word' id='word_1_17' title='bbox 819 587 974 670; x_wconf 77' lang='grc' dir='ltr'><strong><em>άμαθείας</em></strong></span> <span class='ocrx_word' id='word_1_18' title='bbox 990 587 1107 655; x_wconf 72' lang='lat' dir='ltr'><strong>dodico</strong></span> <span class='ocrx_word' id='word_1_19' title='bbox 1123 590 1210 656; x_wconf 79' lang='grc' dir='ltr'><strong><em>αὐτοὶ</em></strong></span> <span class='ocrx_word' id='word_1_20' title='bbox 1225 589 1364 678; x_wconf 84' lang='grc' dir='ltr'><strong><em>πρωτεό-</em></strong></span> 
     </span>
     <span class='ocr_line' id='line_1_4' title="bbox 257 688 1365 778; baseline 0 -17"><span class='ocrx_word' id='word_1_21' title='bbox 257 723 300 762; x_wconf 88' lang='grc' dir='ltr'><strong>ειν</strong></span> <span class='ocrx_word' id='word_1_22' title='bbox 325 691 504 778; x_wconf 81' lang='grc' dir='ltr'><strong><em>είσάγοντες.</em></strong></span> <span class='ocrx_word' id='word_1_23' title='bbox 555 688 602 755; x_wconf 79' lang='grc' dir='ltr'><strong><em>ὅτι</em></strong></span> <span class='ocrx_word' id='word_1_24' title='bbox 625 691 659 758; x_wconf 81' lang='grc' dir='ltr'><strong>δὲ</strong></span> <span class='ocrx_word' id='word_1_25' title='bbox 684 691 818 773; x_wconf 57' lang='lat' dir='ltr'><strong>dueum,</strong></span> <span class='ocrx_word' id='word_1_26' title='bbox 850 689 947 769; x_wconf 65' lang='grc' dir='ltr'><strong><em>ἔξεστι</em></strong></span> <span class='ocrx_word' id='word_1_27' title='bbox 970 693 1022 756; x_wconf 80' lang='grc' dir='ltr'><strong><em>καί</em></strong></span> <span class='ocrx_word' id='word_1_28' title='bbox 1047 694 1080 756; x_wconf 71' lang='grc' dir='ltr'><strong>ἐκ</strong></span> <span class='ocrx_word' id='word_1_29' title='bbox 1106 692 1223 760; x_wconf 79' lang='grc' dir='ltr'><strong><em>τούτων</em></strong></span> <span class='ocrx_word' id='word_1_30' title='bbox 1247 701 1365 778; x_wconf 73' lang='grc' dir='ltr'><strong><em>λαβεῖν.</em></strong></span> 
     </span>
     <span class='ocr_line' id='line_1_5' title="bbox 256 791 1365 885; baseline 0.002 -22"><span class='ocrx_word' id='word_1_31' title='bbox 256 793 440 883; x_wconf 77' lang='grc' dir='ltr'><strong><em>Αόγουστός</em></strong></span> <span class='ocrx_word' id='word_1_32' title='bbox 453 819 544 873; x_wconf 79' lang='grc' dir='ltr'><strong><em>ποτε,</em></strong></span> <span class='ocrx_word' id='word_1_33' title='bbox 568 793 589 879; x_wconf 79' lang='grc' dir='ltr'><em>ἢ</em></span> <span class='ocrx_word' id='word_1_34' title='bbox 605 793 686 878; x_wconf 89' lang='grc' dir='ltr'><strong><em>τάχα</em></strong></span> <span class='ocrx_word' id='word_1_35' title='bbox 705 795 848 880; x_wconf 84' lang='grc' dir='ltr'><strong><em>Τιβίριος</em></strong></span> <span class='ocrx_word' id='word_1_36' title='bbox 862 791 879 858; x_wconf 84' lang='grc' dir='ltr'><strong>ὅ</strong></span> <span class='ocrx_word' id='word_1_37' title='bbox 894 795 964 879; x_wconf 76' lang='grc' dir='ltr'><strong><em>μετ’</em></strong></span> <span class='ocrx_word' id='word_1_38' title='bbox 981 793 1091 876; x_wconf 74' lang='grc' dir='ltr'><strong><em>αότόν,</em></strong></span> <span class='ocrx_word' id='word_1_39' title='bbox 1118 797 1196 885; x_wconf 80' lang='grc' dir='ltr'><strong><em>πρὸς</em></strong></span> <span class='ocrx_word' id='word_1_40' title='bbox 1216 796 1283 876; x_wconf 77' lang='grc' dir='ltr'><strong><em>ἕνδς</em></strong></span> <span class='ocrx_word' id='word_1_41' title='bbox 1303 806 1365 864; x_wconf 82' lang='grc' dir='ltr'><strong>τῶν</strong></span> 
     </span>
     <span class='ocr_line' id='line_1_6' title="bbox 258 896 1391 988; baseline -0.003 -19"><span class='ocrx_word' id='word_1_42' title='bbox 258 899 396 969; x_wconf 81' lang='grc' dir='ltr'><strong><em>κολάκων</em></strong></span> <span class='ocrx_word' id='word_1_43' title='bbox 419 896 569 980; x_wconf 81' lang='grc' dir='ltr'><strong><em>δεσπότης</em></strong></span> <span class='ocrx_word' id='word_1_44' title='bbox 587 897 789 980; x_wconf 74' lang='grc' dir='ltr'><strong><em>ὀνομασθείς,</em></strong></span> <span class='ocrx_word' id='word_1_45' title='bbox 819 898 987 977; x_wconf 70' lang='grc' dir='ltr'><strong><em>ἐξαναστάς</em></strong></span> <span class='ocrx_word' id='word_1_46' title='bbox 1007 899 1107 988; x_wconf 79' lang='grc' dir='ltr'><strong><em>ἀφῆκε</em></strong></span> <span class='ocrx_word' id='word_1_47' title='bbox 1129 901 1183 967; x_wconf 84' lang='grc' dir='ltr'><strong>τόν</strong></span> <span class='ocrx_word' id='word_1_48' title='bbox 1206 900 1391 988; x_wconf 60' lang='lat' dir='ltr'><strong>calliopum&amp;</strong></span> 
     </span>
    </p>
   </div>
   <div class='ocr_carea' id='block_1_4' title="bbox 152 998 1367 1094">
    <p class='ocr_par' dir='ltr' id='par_1_4' title="bbox 152 998 1367 1094">
     <span class='ocr_line' id='line_1_7' title="bbox 152 998 1367 1094; baseline 0.001 -23"><span class='ocrx_word' id='word_1_49' title='bbox 152 1003 157 1011; x_wconf 47' lang='lat'><strong>¹</strong></span> <span class='ocrx_word' id='word_1_50' title='bbox 258 1002 454 1082; x_wconf 76' lang='grc' dir='ltr'><strong><em>ἀπαξιώσας,</em></strong></span> <span class='ocrx_word' id='word_1_51' title='bbox 481 998 524 1080; x_wconf 78' lang='grc' dir='ltr'><strong><em>ὡς</em></strong></span> <span class='ocrx_word' id='word_1_52' title='bbox 539 1001 616 1089; x_wconf 62' lang='grc' dir='ltr'><strong><em>ἔφη,</em></strong></span> <span class='ocrx_word' id='word_1_53' title='bbox 642 1000 765 1079; x_wconf 81' lang='grc' dir='ltr'><strong><em>δοάλοις</em></strong></span> <span class='ocrx_word' id='word_1_54' title='bbox 779 1005 985 1089; x_wconf 68' lang='grc' dir='ltr'><strong><em>διαλέγεσθαι.</em></strong></span> <span class='ocrx_word' id='word_1_55' title='bbox 1036 1003 1108 1068; x_wconf 73' lang='grc' dir='ltr'><strong>ἀλλ’</strong></span> <span class='ocrx_word' id='word_1_56' title='bbox 1133 1004 1193 1090; x_wconf 81' lang='grc' dir='ltr'><strong>ἤδη</strong></span> <span class='ocrx_word' id='word_1_57' title='bbox 1217 1001 1367 1094; x_wconf 85' lang='grc' dir='ltr'><strong><em>πρότερον</em></strong></span> 
     </span>
    </p>
   </div>
   <div class='ocr_carea' id='block_1_5' title="bbox 256 1103 1471 2748">
    <p class='ocr_par' dir='ltr' id='par_1_5' title="bbox 256 1103 1412 1608">
     <span class='ocr_line' id='line_1_8' title="bbox 258 1103 1366 1195; baseline 0.001 -22"><span class='ocrx_word' id='word_1_58' title='bbox 258 1110 360 1195; x_wconf 80' lang='grc' dir='ltr'><strong><em>ὥσπερ</em></strong></span> <span class='ocrx_word' id='word_1_59' title='bbox 375 1111 407 1173; x_wconf 73' lang='lat' dir='ltr'><strong>lv</strong></span> <span class='ocrx_word' id='word_1_60' title='bbox 419 1112 492 1192; x_wconf 78' lang='grc' dir='ltr'><strong><em>τιμῇ</em></strong></span> <span class='ocrx_word' id='word_1_61' title='bbox 507 1111 563 1188; x_wconf 83' lang='grc' dir='ltr'><strong>τῆς</strong></span> <span class='ocrx_word' id='word_1_62' title='bbox 577 1103 697 1192; x_wconf 83' lang='grc' dir='ltr'><strong><em>όβρειος</em></strong></span> <span class='ocrx_word' id='word_1_63' title='bbox 712 1109 908 1192; x_wconf 77' lang='grc' dir='ltr'><strong><em>εἰσαχθείσης</em></strong></span> <span class='ocrx_word' id='word_1_64' title='bbox 915 1155 926 1187; x_wconf 88' lang='lat'><em>,</em></span> <span class='ocrx_word' id='word_1_65' title='bbox 948 1105 1084 1190; x_wconf 73' lang='grc' dir='ltr'><strong>ἀνέχεται</strong></span> <span class='ocrx_word' id='word_1_66' title='bbox 1098 1105 1118 1192; x_wconf 78' lang='grc' dir='ltr'><strong><em>ἦ</em></strong></span> <span class='ocrx_word' id='word_1_67' title='bbox 1133 1117 1188 1175; x_wconf 80' lang='grc' dir='ltr'><strong><em>τοῦ</em></strong></span> <span class='ocrx_word' id='word_1_68' title='bbox 1203 1105 1366 1195; x_wconf 72' lang='grc' dir='ltr'><strong><em>ἡμερωτά-</em></strong></span> 
     </span>
     <span class='ocr_line' id='line_1_9' title="bbox 257 1207 1366 1298; baseline -0.001 -18"><span class='ocrx_word' id='word_1_69' title='bbox 257 1239 313 1280; x_wconf 91' lang='grc' dir='ltr'><strong><em>του</em></strong></span> <span class='ocrx_word' id='word_1_70' title='bbox 327 1210 479 1295; x_wconf 65' lang='grc' dir='ltr'><strong><em>βασιλέως</em></strong></span> <span class='ocrx_word' id='word_1_71' title='bbox 494 1207 581 1292; x_wconf 75' lang='grc' dir='ltr'><strong><em>ἡμῶν</em></strong></span> <span class='ocrx_word' id='word_1_72' title='bbox 597 1211 757 1290; x_wconf 77' lang='grc' dir='ltr'><strong><em>ἐπιείκεια,</em></strong></span> <span class='ocrx_word' id='word_1_73' title='bbox 792 1213 899 1298; x_wconf 86' lang='grc' dir='ltr'><strong><em>καίπερ</em></strong></span> <span class='ocrx_word' id='word_1_74' title='bbox 920 1207 996 1298; x_wconf 79' lang='grc' dir='ltr'><strong>όπέρ</strong></span> <span class='ocrx_word' id='word_1_75' title='bbox 1019 1209 1135 1290; x_wconf 87' lang='grc' dir='ltr'><strong><em>πάντας</em></strong></span> <span class='ocrx_word' id='word_1_76' title='bbox 1155 1212 1228 1290; x_wconf 81' lang='grc' dir='ltr'><strong><em>τοδς</em></strong></span> <span class='ocrx_word' id='word_1_77' title='bbox 1245 1211 1366 1279; x_wconf 83' lang='grc' dir='ltr'><strong><em>πώποτε</em></strong></span> 
     </span>
     <span class='ocr_line' id='line_1_10' title="bbox 256 1311 1367 1402; baseline -0.002 -19"><span class='ocrx_word' id='word_1_78' title='bbox 256 1311 514 1402; x_wconf 77' lang='grc' dir='ltr'><strong><em>βεβασιλευκότας</em></strong></span> <span class='ocrx_word' id='word_1_79' title='bbox 530 1311 757 1399; x_wconf 74' lang='grc' dir='ltr'><strong><em>μετριάζοντας,</em></strong></span> <span class='ocrx_word' id='word_1_80' title='bbox 787 1317 839 1378; x_wconf 81' lang='grc' dir='ltr'><strong><em>καὶ</em></strong></span> <span class='ocrx_word' id='word_1_81' title='bbox 861 1313 1010 1397; x_wconf 78' lang='grc' dir='ltr'><strong><em>δεσπότης</em></strong></span> <span class='ocrx_word' id='word_1_82' title='bbox 1032 1312 1097 1384; x_wconf 76' lang='grc' dir='ltr'><strong><em>οἷον</em></strong></span> <span class='ocrx_word' id='word_1_83' title='bbox 1119 1317 1220 1402; x_wconf 80' lang='grc' dir='ltr'><strong><em>πατὴρ</em></strong></span> <span class='ocrx_word' id='word_1_84' title='bbox 1244 1316 1367 1401; x_wconf 76' lang='grc' dir='ltr'><strong><em>άχαθδς</em></strong></span> 
     </span>
     <span class='ocr_line' id='line_1_11' title="bbox 259 1413 1412 1510; baseline -0.003 -24"><span class='ocrx_word' id='word_1_85' title='bbox 259 1417 485 1502; x_wconf 69' lang='grc' dir='ltr'><strong><em>ὀνομάζεσθαι,</em></strong></span> <span class='ocrx_word' id='word_1_86' title='bbox 518 1415 574 1500; x_wconf 80' lang='grc' dir='ltr'><strong>οόχ</strong></span> <span class='ocrx_word' id='word_1_87' title='bbox 596 1413 643 1482; x_wconf 86' lang='grc' dir='ltr'><strong><em>ότι</em></strong></span> <span class='ocrx_word' id='word_1_88' title='bbox 663 1419 781 1503; x_wconf 77' lang='grc' dir='ltr'><strong><em>χαίρει,</em></strong></span> <span class='ocrx_word' id='word_1_89' title='bbox 815 1417 886 1482; x_wconf 76' lang='grc' dir='ltr'><strong>ἀλλ’</strong></span> <span class='ocrx_word' id='word_1_90' title='bbox 901 1421 1036 1510; x_wconf 70' lang='grc' dir='ltr'><strong><em>ἐρυθριᾷ</em></strong></span> <span class='ocrx_word' id='word_1_91' title='bbox 1051 1424 1170 1504; x_wconf 81' lang='grc' dir='ltr'><strong><em>μᾶλλον</em></strong></span> <span class='ocrx_word' id='word_1_92' title='bbox 1187 1417 1259 1498; x_wconf 79' lang='grc' dir='ltr'><strong><em>νοός</em></strong></span> <span class='ocrx_word' id='word_1_93' title='bbox 1273 1428 1365 1504; x_wconf 80' lang='grc' dir='ltr'><strong><em>τιμάν</em></strong></span> <span class='ocrx_word' id='word_1_94' title='bbox 1374 1429 1412 1486; x_wconf 86' lang='grc'><strong>10</strong></span> 
     </span>
     <span class='ocr_line' id='line_1_12' title="bbox 258 1519 1302 1608; baseline -0.007 -17"><span class='ocrx_word' id='word_1_95' title='bbox 258 1523 418 1607; x_wconf 78' lang='grc' dir='ltr'><strong><em>οῑομόνους</em></strong></span> <span class='ocrx_word' id='word_1_96' title='bbox 431 1523 531 1586; x_wconf 76' lang='grc' dir='ltr'><strong><em>δοκεῖν</em></strong></span> <span class='ocrx_word' id='word_1_97' title='bbox 544 1519 589 1602; x_wconf 84' lang='grc' dir='ltr'><strong>μὴ</strong></span> <span class='ocrx_word' id='word_1_98' title='bbox 604 1522 800 1606; x_wconf 72' lang='grc' dir='ltr'><strong><em>προσίεσθαι.</em></strong></span> <span class='ocrx_word' id='word_1_99' title='bbox 1196 1602 1200 1608; x_wconf 86' lang='lat'><em>.</em></span> <span class='ocrx_word' id='word_1_100' title='bbox 1299 1546 1302 1552; x_wconf 87' lang='lat'><em>·</em></span> 
     </span>
    </p>

    <p class='ocr_par' dir='ltr' id='par_1_6' title="bbox 259 1617 1471 2748">
     <span class='ocr_line' id='line_1_13' title="bbox 364 1617 1367 1710; baseline 0 -16"><span class='ocrx_word' id='word_1_101' title='bbox 364 1624 399 1694; x_wconf 87' lang='grc'><strong>7.</strong></span> <span class='ocrx_word' id='word_1_102' title='bbox 451 1626 516 1690; x_wconf 77' lang='grc' dir='ltr'><strong><em>Καὶ</em></strong></span> <span class='ocrx_word' id='word_1_103' title='bbox 531 1623 591 1710; x_wconf 84' lang='grc' dir='ltr'><strong>πρὸ</strong></span> <span class='ocrx_word' id='word_1_104' title='bbox 600 1621 757 1706; x_wconf 83' lang='grc' dir='ltr'><strong><em>Ῥωμόλου</em></strong></span> <span class='ocrx_word' id='word_1_105' title='bbox 776 1624 909 1706; x_wconf 62' lang='lat' dir='ltr'><strong>lampa</strong></span> <span class='ocrx_word' id='word_1_106' title='bbox 924 1627 979 1706; x_wconf 75' lang='grc' dir='ltr'><strong>τῆς</strong></span> <span class='ocrx_word' id='word_1_107' title='bbox 992 1622 1141 1690; x_wconf 80' lang='grc' dir='ltr'><strong><em>Λατίνων</em></strong></span> <span class='ocrx_word' id='word_1_108' title='bbox 1154 1626 1313 1707; x_wconf 82' lang='grc' dir='ltr'><strong><em>βασιλείας</em></strong></span> <span class='ocrx_word' id='word_1_109' title='bbox 1328 1617 1367 1710; x_wconf 74' lang='grc' dir='ltr'><strong>ἦν</strong></span> 
     </span>
     <span class='ocr_line' id='line_1_14' title="bbox 259 1724 1368 1819; baseline -0.001 -23"><span class='ocrx_word' id='word_1_110' title='bbox 259 1726 377 1819; x_wconf 74' lang='grc' dir='ltr'><strong><em>θρόνος</em></strong></span> <span class='ocrx_word' id='word_1_111' title='bbox 399 1724 576 1816; x_wconf 86' lang='grc' dir='ltr'><strong><em>δρόφακτος</em></strong></span> <span class='ocrx_word' id='word_1_112' title='bbox 598 1730 649 1792; x_wconf 78' lang='grc' dir='ltr'><strong><em>καὶ</em></strong></span> <span class='ocrx_word' id='word_1_113' title='bbox 671 1728 766 1810; x_wconf 80' lang='grc' dir='ltr'><strong><em>στολὴ</em></strong></span> <span class='ocrx_word' id='word_1_114' title='bbox 791 1724 972 1812; x_wconf 80' lang='grc' dir='ltr'><strong><em>ἡλεγομίνη</em></strong></span> <span class='ocrx_word' id='word_1_115' title='bbox 991 1725 1070 1815; x_wconf 82' lang='grc' dir='ltr'><strong><em>παρ’</em></strong></span> <span class='ocrx_word' id='word_1_116' title='bbox 1093 1728 1196 1806; x_wconf 77' lang='grc' dir='ltr'><strong><em>αὐτοῖς</em></strong></span> <span class='ocrx_word' id='word_1_117' title='bbox 1211 1731 1368 1817; x_wconf 84' lang='grc' dir='ltr'><strong><em>τραβαία·</em></strong></span> 
     </span>
     <span class='ocr_line' id='line_1_15' title="bbox 259 1823 1368 1919; baseline -0.003 -19"><span class='ocrx_word' id='word_1_118' title='bbox 259 1832 386 1916; x_wconf 78' lang='grc' dir='ltr'><strong><em>ποδαπὴ</em></strong></span> <span class='ocrx_word' id='word_1_119' title='bbox 403 1831 439 1898; x_wconf 76' lang='grc' dir='ltr'><strong>δέ</strong></span> <span class='ocrx_word' id='word_1_120' title='bbox 453 1857 500 1909; x_wconf 92' lang='grc' dir='ltr'><strong>τις</strong></span> <span class='ocrx_word' id='word_1_121' title='bbox 516 1823 571 1914; x_wconf 75' lang='grc' dir='ltr'><strong>ἦν,</strong></span> <span class='ocrx_word' id='word_1_122' title='bbox 593 1833 703 1918; x_wconf 79' lang='grc' dir='ltr'><strong><em>μικρόν</em></strong></span> <span class='ocrx_word' id='word_1_123' title='bbox 717 1830 845 1919; x_wconf 72' lang='grc' dir='ltr'><strong><em>ὕστερον</em></strong></span> <span class='ocrx_word' id='word_1_124' title='bbox 857 1832 929 1917; x_wconf 81' lang='grc' dir='ltr'><strong><em>ίριῦ.</em></strong></span> <span class='ocrx_word' id='word_1_125' title='bbox 980 1830 1056 1896; x_wconf 67' lang='grc' dir='ltr'><strong><em>ὅθεν</em></strong></span> <span class='ocrx_word' id='word_1_126' title='bbox 1074 1827 1261 1916; x_wconf 81' lang='grc' dir='ltr'><strong><em>ὅῬιομαιόιν</em></strong></span> <span class='ocrx_word' id='word_1_127' title='bbox 1277 1858 1368 1917; x_wconf 87' lang='grc' dir='ltr'><strong><em>ποιη-</em></strong></span> 
     </span>
     <span class='ocr_line' id='line_1_16' title="bbox 259 1932 1410 2026; baseline -0.003 -23"><span class='ocrx_word' id='word_1_128' title='bbox 259 1935 332 2021; x_wconf 77' lang='grc' dir='ltr'><strong><em>τής,</em></strong></span> <span class='ocrx_word' id='word_1_129' title='bbox 365 1937 397 2000; x_wconf 77' lang='grc' dir='ltr'><strong>ἐν</strong></span> <span class='ocrx_word' id='word_1_130' title='bbox 417 1937 529 2021; x_wconf 75' lang='grc' dir='ltr'><strong><em>βιβλίῳ</em></strong></span> <span class='ocrx_word' id='word_1_131' title='bbox 552 1932 676 2024; x_wconf 71' lang='grc' dir='ltr'><strong><em>ἑβδόμῳ</em></strong></span> <span class='ocrx_word' id='word_1_132' title='bbox 702 1940 758 2018; x_wconf 82' lang='grc' dir='ltr'><strong>τῆς</strong></span> <span class='ocrx_word' id='word_1_133' title='bbox 773 1937 924 2018; x_wconf 72' lang='grc' dir='ltr'><strong><em>Αίνηίδος</em></strong></span> <span class='ocrx_word' id='word_1_134' title='bbox 945 1933 1002 2017; x_wconf 75' lang='grc' dir='ltr'><strong>τὴν</strong></span> <span class='ocrx_word' id='word_1_135' title='bbox 1017 1935 1158 2004; x_wconf 83' lang='grc' dir='ltr'><strong><em>Λατίνου</em></strong></span> <span class='ocrx_word' id='word_1_136' title='bbox 1186 1935 1367 2026; x_wconf 79' lang='grc' dir='ltr'><strong><em>διαγράφων</em></strong></span> <span class='ocrx_word' id='word_1_137' title='bbox 1375 1945 1410 2000; x_wconf 82' lang='lat'><strong>15</strong></span> 
     </span>
     <span class='ocr_line' id='line_1_17' title="bbox 259 2034 1471 2130; baseline 0 -25"><span class='ocrx_word' id='word_1_138' title='bbox 259 2041 436 2130; x_wconf 73' lang='grc' dir='ltr'><strong><em>βασιλείαν,</em></strong></span> <span class='ocrx_word' id='word_1_139' title='bbox 465 2034 584 2123; x_wconf 75' lang='grc' dir='ltr'><strong><em>θρόνου</em></strong></span> <span class='ocrx_word' id='word_1_140' title='bbox 608 2040 661 2100; x_wconf 81' lang='grc' dir='ltr'><strong><em>καί</em></strong></span> <span class='ocrx_word' id='word_1_141' title='bbox 681 2039 835 2125; x_wconf 84' lang='grc' dir='ltr'><strong><em>τραβαίος</em></strong></span> <span class='ocrx_word' id='word_1_142' title='bbox 850 2039 1064 2121; x_wconf 84' lang='grc' dir='ltr'><strong><em>διαμίμνηται.</em></strong></span> <span class='ocrx_word' id='word_1_143' title='bbox 1114 2045 1159 2126; x_wconf 76' lang='grc' dir='ltr'><strong><em>τῷ</em></strong></span> <span class='ocrx_word' id='word_1_144' title='bbox 1174 2039 1367 2124; x_wconf 76' lang='grc' dir='ltr'><strong><em>χεμὴνῬιυ-</em></strong></span> <span class='ocrx_word' id='word_1_145' title='bbox 1465 2077 1471 2086; x_wconf 91' lang='grc'>·</span> 
     </span>
     <span class='ocr_line' id='line_1_18' title="bbox 260 2131 1367 2230; baseline 0.001 -23"><span class='ocrx_word' id='word_1_146' title='bbox 260 2133 352 2230; x_wconf 60' lang='lat' dir='ltr'><strong>pellagi</strong></span> <span class='ocrx_word' id='word_1_147' title='bbox 365 2143 416 2206; x_wconf 75' lang='grc' dir='ltr'><strong><em>καὶ</em></strong></span> <span class='ocrx_word' id='word_1_148' title='bbox 434 2141 584 2226; x_wconf 73' lang='grc' dir='ltr'><strong><em>στέφανος</em></strong></span> <span class='ocrx_word' id='word_1_149' title='bbox 599 2131 652 2224; x_wconf 76' lang='grc' dir='ltr'><strong>ἦν,</strong></span> <span class='ocrx_word' id='word_1_150' title='bbox 679 2143 730 2206; x_wconf 81' lang='grc' dir='ltr'><strong><em>καὶ</em></strong></span> <span class='ocrx_word' id='word_1_151' title='bbox 750 2148 903 2228; x_wconf 81' lang='grc' dir='ltr'><strong><em>σκῆπτρον</em></strong></span> <span class='ocrx_word' id='word_1_152' title='bbox 918 2141 1006 2209; x_wconf 76' lang='grc' dir='ltr'><strong><em>ἀετὸν</em></strong></span> <span class='ocrx_word' id='word_1_153' title='bbox 1021 2140 1091 2224; x_wconf 68' lang='grc' dir='ltr'><strong><em>ἕχον</em></strong></span> <span class='ocrx_word' id='word_1_154' title='bbox 1106 2141 1156 2205; x_wconf 71' lang='grc' dir='ltr'><strong>ἐπ’</strong></span> <span class='ocrx_word' id='word_1_155' title='bbox 1175 2141 1288 2230; x_wconf 81' lang='grc' dir='ltr'><strong><em>ἄκρου,</em></strong></span> <span class='ocrx_word' id='word_1_156' title='bbox 1314 2145 1367 2208; x_wconf 83' lang='grc' dir='ltr'><strong><em>καί</em></strong></span> 
     </span>
     <span class='ocr_line' id='line_1_19' title="bbox 262 2242 1393 2334; baseline 0.002 -24"><span class='ocrx_word' id='word_1_157' title='bbox 262 2243 412 2334; x_wconf 81' lang='grc' dir='ltr'><strong><em>φαινόλης</em></strong></span> <span class='ocrx_word' id='word_1_158' title='bbox 430 2245 536 2322; x_wconf 82' lang='grc' dir='ltr'><strong><em>λευκὸς</em></strong></span> <span class='ocrx_word' id='word_1_159' title='bbox 557 2242 711 2330; x_wconf 76' lang='grc' dir='ltr'><strong><em>ποδήρης,</em></strong></span> <span class='ocrx_word' id='word_1_160' title='bbox 745 2243 807 2310; x_wconf 85' lang='grc' dir='ltr'><strong>άπὸ</strong></span> <span class='ocrx_word' id='word_1_161' title='bbox 826 2251 886 2310; x_wconf 76' lang='grc' dir='ltr'><strong>τῶν</strong></span> <span class='ocrx_word' id='word_1_162' title='bbox 904 2244 997 2327; x_wconf 80' lang='grc' dir='ltr'><strong><em>ὤμων</em></strong></span> <span class='ocrx_word' id='word_1_163' title='bbox 1011 2244 1185 2333; x_wconf 62' lang='grc' dir='ltr'><strong><em>ἔμπροσθεν</em></strong></span> <span class='ocrx_word' id='word_1_164' title='bbox 1200 2247 1289 2332; x_wconf 86' lang='grc' dir='ltr'><strong><em>μίχρι</em></strong></span> <span class='ocrx_word' id='word_1_165' title='bbox 1307 2271 1393 2312; x_wconf 79' lang='grc' dir='ltr'><strong><em>πο·-</em></strong></span> 
     </span>
     <span class='ocr_line' id='line_1_20' title="bbox 260 2343 1407 2438; baseline -0.003 -22"><span class='ocrx_word' id='word_1_166' title='bbox 260 2353 337 2426; x_wconf 80' lang='grc' dir='ltr'><strong>δῶν,</strong></span> <span class='ocrx_word' id='word_1_167' title='bbox 361 2356 532 2435; x_wconf 79' lang='grc' dir='ltr'><strong><em>πορφυροῖς</em></strong></span> <span class='ocrx_word' id='word_1_168' title='bbox 547 2343 728 2435; x_wconf 75' lang='grc' dir='ltr'><strong><em>ὑφάσμασιν</em></strong></span> <span class='ocrx_word' id='word_1_169' title='bbox 744 2349 977 2437; x_wconf 79' lang='grc' dir='ltr'><strong><em>ίρραβδιομίνος</em></strong></span> <span class='ocrx_word' id='word_1_170' title='bbox 996 2347 1108 2432; x_wconf 81' lang='grc' dir='ltr'><strong><em>(ὄνομα</em></strong></span> <span class='ocrx_word' id='word_1_171' title='bbox 1124 2351 1158 2414; x_wconf 72' lang='grc' dir='ltr'><strong>δὲ</strong></span> <span class='ocrx_word' id='word_1_172' title='bbox 1177 2353 1221 2438; x_wconf 76' lang='grc' dir='ltr'><strong><em>τῷ</em></strong></span> <span class='ocrx_word' id='word_1_173' title='bbox 1234 2346 1367 2437; x_wconf 81' lang='grc' dir='ltr'><strong><em>φαινόλη</em></strong></span> <span class='ocrx_word' id='word_1_174' title='bbox 1390 2359 1407 2376; x_wconf 84' lang='lat'><strong><em>⁴</em></strong></span> 
     </span>
     <span class='ocr_line' id='line_1_21' title="bbox 259 2448 1412 2540; baseline -0.004 -21"><span class='ocrx_word' id='word_1_175' title='bbox 259 2448 338 2538; x_wconf 77' lang='grc' dir='ltr'><strong><em>τάχα</em></strong></span> <span class='ocrx_word' id='word_1_176' title='bbox 354 2451 444 2518; x_wconf 76' lang='grc' dir='ltr'><strong><em>οἱονεί</em></strong></span> <span class='ocrx_word' id='word_1_177' title='bbox 457 2451 635 2536; x_wconf 67' lang='grc' dir='ltr'><strong><em>σκέπασμα,</em></strong></span> <span class='ocrx_word' id='word_1_178' title='bbox 667 2451 728 2518; x_wconf 77' lang='lat' dir='ltr'><strong>dod</strong></span> <span class='ocrx_word' id='word_1_179' title='bbox 754 2458 810 2518; x_wconf 80' lang='grc' dir='ltr'><strong><em>τοῦ</em></strong></span> <span class='ocrx_word' id='word_1_180' title='bbox 833 2453 932 2540; x_wconf 78' lang='grc' dir='ltr'><strong><em>τίγερε</em></strong></span> <span class='ocrx_word' id='word_1_181' title='bbox 959 2452 1030 2517; x_wconf 81' lang='grc' dir='ltr'><strong><em>κατ’</em></strong></span> <span class='ocrx_word' id='word_1_182' title='bbox 1057 2453 1261 2535; x_wconf 76' lang='grc' dir='ltr'><strong><em>ἀντίστοιχον·</em></strong></span> <span class='ocrx_word' id='word_1_183' title='bbox 1287 2451 1412 2519; x_wconf 66' lang='grc' dir='ltr'><strong><em>οδτωω</em></strong></span> 
     </span>
     <span class='ocr_line' id='line_1_22' title="bbox 261 2551 1368 2645; baseline 0 -24"><span class='ocrx_word' id='word_1_184' title='bbox 261 2555 323 2644; x_wconf 72' lang='grc' dir='ltr'><strong>γάρ</strong></span> <span class='ocrx_word' id='word_1_185' title='bbox 337 2555 372 2621; x_wconf 83' lang='grc' dir='ltr'><strong><em>τὸ</em></strong></span> <span class='ocrx_word' id='word_1_186' title='bbox 385 2556 505 2622; x_wconf 85' lang='grc' dir='ltr'><strong><em>σκίπεικ</em></strong></span> <span class='ocrx_word' id='word_1_187' title='bbox 513 2552 658 2639; x_wconf 72' lang='grc' dir='ltr'><strong><em>Ῥωμαῖοι</em></strong></span> <span class='ocrx_word' id='word_1_188' title='bbox 675 2559 827 2640; x_wconf 77' lang='grc' dir='ltr'><strong><em>καλοῦσι),</em></strong></span> <span class='ocrx_word' id='word_1_189' title='bbox 840 2559 892 2620; x_wconf 81' lang='grc' dir='ltr'><strong><em>καί</em></strong></span> <span class='ocrx_word' id='word_1_190' title='bbox 905 2551 1051 2640; x_wconf 78' lang='grc' dir='ltr'><strong><em>όπόδημα</em></strong></span> <span class='ocrx_word' id='word_1_191' title='bbox 1063 2563 1234 2644; x_wconf 71' lang='grc' dir='ltr'><strong><em>φοινικοόν·</em></strong></span> <span class='ocrx_word' id='word_1_192' title='bbox 1250 2555 1368 2645; x_wconf 74' lang='grc' dir='ltr'><strong><em>κόθορ·</em></strong></span> 
     </span>
     <span class='ocr_line' id='line_1_23' title="bbox 260 2651 1367 2748; baseline -0.004 -20"><span class='ocrx_word' id='word_1_193' title='bbox 260 2678 315 2738; x_wconf 77' lang='grc' dir='ltr'><strong>νος</strong></span> <span class='ocrx_word' id='word_1_194' title='bbox 332 2657 430 2743; x_wconf 85' lang='grc' dir='ltr'><strong><em>όνομα</em></strong></span> <span class='ocrx_word' id='word_1_195' title='bbox 452 2658 537 2748; x_wconf 73' lang='lat' dir='ltr'><strong>crispi</strong></span> <span class='ocrx_word' id='word_1_196' title='bbox 543 2706 555 2739; x_wconf 87' lang='lat'><em>,</em></span> <span class='ocrx_word' id='word_1_197' title='bbox 589 2658 670 2726; x_wconf 76' lang='grc' dir='ltr'><strong><em>κατὰ</em></strong></span> <span class='ocrx_word' id='word_1_198' title='bbox 689 2659 742 2726; x_wconf 84' lang='grc' dir='ltr'><strong>τὸν</strong></span> <span class='ocrx_word' id='word_1_199' title='bbox 760 2656 926 2744; x_wconf 72' lang='grc' dir='ltr'><strong><em>Κοκκήιον.</em></strong></span> <span class='ocrx_word' id='word_1_200' title='bbox 976 2658 1150 2737; x_wconf 69' lang='lat' dir='ltr'><strong>aulaumaiu</strong></span> <span class='ocrx_word' id='word_1_201' title='bbox 1169 2651 1208 2744; x_wconf 80' lang='grc' dir='ltr'><strong>ἦν</strong></span> <span class='ocrx_word' id='word_1_202' title='bbox 1230 2663 1314 2726; x_wconf 78' lang='grc' dir='ltr'><strong><em>τουτὶ</em></strong></span> <span class='ocrx_word' id='word_1_203' title='bbox 1331 2659 1367 2726; x_wconf 84' lang='grc' dir='ltr'><strong><em>τό</em></strong></span> 
     </span>
    </p>
   </div>
   <div class='ocr_carea' id='block_1_6' title="bbox 331 2814 1369 3086">
    <p class='ocr_par' dir='ltr' id='par_1_7' title="bbox 331 2814 1369 3086">
     <span class='ocr_line' id='line_1_24' title="bbox 331 2814 1367 2892; baseline 0.001 -17"><span class='ocrx_word' id='word_1_204' title='bbox 331 2821 350 2875; x_wconf 83' lang='lat'>2</span> <span class='ocrx_word' id='word_1_205' title='bbox 369 2837 403 2874; x_wconf 91' lang='lat' dir='ltr'><strong>an</strong></span> <span class='ocrx_word' id='word_1_206' title='bbox 420 2814 548 2883; x_wconf 71' lang='grc' dir='ltr'><strong><em>αότοόςί</em></strong></span> <span class='ocrx_word' id='word_1_207' title='bbox 657 2820 676 2876; x_wconf 85' lang='grc'>4</span> <span class='ocrx_word' id='word_1_208' title='bbox 693 2823 729 2876; x_wconf 85' lang='lat' dir='ltr'><strong>cf.</strong></span> <span class='ocrx_word' id='word_1_209' title='bbox 749 2821 782 2876; x_wconf 88' lang='lat' dir='ltr'><strong>de</strong></span> <span class='ocrx_word' id='word_1_210' title='bbox 796 2821 935 2876; x_wconf 79' lang='lat' dir='ltr'><strong>Mensibus</strong></span> <span class='ocrx_word' id='word_1_211' title='bbox 952 2839 980 2892; x_wconf 92' lang='lat' dir='ltr'><strong>p.</strong></span> <span class='ocrx_word' id='word_1_212' title='bbox 998 2821 1042 2876; x_wconf 83' lang='lat'><strong>50.</strong></span> <span class='ocrx_word' id='word_1_213' title='bbox 1148 2821 1182 2876; x_wconf 82' lang='lat'><strong>15</strong></span> <span class='ocrx_word' id='word_1_214' title='bbox 1198 2823 1266 2890; x_wconf 79' lang='lat' dir='ltr'><strong>Aen.</strong></span> <span class='ocrx_word' id='word_1_215' title='bbox 1281 2824 1300 2878; x_wconf 82' lang='lat'>7</span> <span class='ocrx_word' id='word_1_216' title='bbox 1318 2823 1367 2876; x_wconf 81' lang='lat'><strong>169</strong></span> 
     </span>
     <span class='ocr_line' id='line_1_25' title="bbox 332 2887 1368 2962; baseline 0.002 -20"><span class='ocrx_word' id='word_1_217' title='bbox 332 2897 361 2942; x_wconf 87' lang='lat' dir='ltr'><strong>et</strong></span> <span class='ocrx_word' id='word_1_218' title='bbox 378 2889 438 2942; x_wconf 82' lang='lat'><strong>188.</strong></span> <span class='ocrx_word' id='word_1_219' title='bbox 545 2891 577 2946; x_wconf 86' lang='lat'><strong>19</strong></span> <span class='ocrx_word' id='word_1_220' title='bbox 594 2887 806 2959; x_wconf 76' lang='grc' dir='ltr'><strong><em>ρεραβδαμὲνος</em></strong></span> <span class='ocrx_word' id='word_1_221' title='bbox 824 2893 857 2948; x_wconf 87' lang='lat' dir='ltr'><strong>C.</strong></span> <span class='ocrx_word' id='word_1_222' title='bbox 875 2909 952 2960; x_wconf 86' lang='lat' dir='ltr'><strong>quem</strong></span> <span class='ocrx_word' id='word_1_223' title='bbox 970 2892 1016 2944; x_wconf 87' lang='lat' dir='ltr'><strong>ubi</strong></span> <span class='ocrx_word' id='word_1_224' title='bbox 1031 2889 1186 2962; x_wconf 85' lang='lat' dir='ltr'><strong>simpliciter</strong></span> <span class='ocrx_word' id='word_1_225' title='bbox 1203 2909 1290 2962; x_wconf 87' lang='lat' dir='ltr'><strong>pono,</strong></span> <span class='ocrx_word' id='word_1_226' title='bbox 1308 2909 1368 2944; x_wconf 91' lang='lat' dir='ltr'><strong>cor-</strong></span> 
     </span>
     <span class='ocr_line' id='line_1_26' title="bbox 331 2957 1369 3030; baseline 0 -16"><span class='ocrx_word' id='word_1_227' title='bbox 331 2967 408 3014; x_wconf 84' lang='lat' dir='ltr'><strong>recta</strong></span> <span class='ocrx_word' id='word_1_228' title='bbox 424 2958 503 3012; x_wconf 84' lang='lat' dir='ltr'><strong>lectio</strong></span> <span class='ocrx_word' id='word_1_229' title='bbox 521 2960 633 3014; x_wconf 88' lang='lat' dir='ltr'><strong>debetur</strong></span> <span class='ocrx_word' id='word_1_230' title='bbox 651 2961 758 3020; x_wconf 78' lang='lat' dir='ltr'><strong>Fusaio.</strong></span> <span class='ocrx_word' id='word_1_231' title='bbox 861 2957 1000 3030; x_wconf 70' lang='lat' dir='ltr'><strong>musculiue</strong></span> <span class='ocrx_word' id='word_1_232' title='bbox 1017 2961 1050 3018; x_wconf 85' lang='lat' dir='ltr'><strong>C.</strong></span> <span class='ocrx_word' id='word_1_233' title='bbox 1144 2962 1181 3016; x_wconf 72' lang='lat'><strong>22</strong></span> <span class='ocrx_word' id='word_1_234' title='bbox 1197 2957 1318 3030; x_wconf 76' lang='grc' dir='ltr'><strong><em>κοκκήον</em></strong></span> <span class='ocrx_word' id='word_1_235' title='bbox 1335 2961 1369 3030; x_wconf 82' lang='lat' dir='ltr'><strong>C,</strong></span> 
     </span>
     <span class='ocr_line' id='line_1_27' title="bbox 332 3032 712 3086; baseline 0.013 -6"><span class='ocrx_word' id='word_1_236' title='bbox 332 3044 445 3082; x_wconf 86' lang='grc' dir='ltr'><strong><em>κοκκιον</em></strong></span> <span class='ocrx_word' id='word_1_237' title='bbox 460 3045 551 3082; x_wconf 88' lang='lat' dir='ltr'><strong>manus</strong></span> <span class='ocrx_word' id='word_1_238' title='bbox 568 3032 712 3086; x_wconf 75' lang='lat' dir='ltr'><strong>recentior.</strong></span> 
     </span>
    </p>
   </div>
   <div class='ocr_carea' id='block_1_7' title="bbox 234 3164 1418 4417">
    <p class='ocr_par' dir='ltr' id='par_1_8' title="bbox 234 3164 1418 4417">
     <span class='ocr_line' id='line_1_28' title="bbox 262 3164 1371 3238; baseline 0.001 -18"><span class='ocrx_word' id='word_1_239' title='bbox 262 3173 337 3220; x_wconf 89' lang='lat' dir='ltr'><strong>munt</strong></span> <span class='ocrx_word' id='word_1_240' title='bbox 354 3164 437 3233; x_wconf 81' lang='lat' dir='ltr'><strong>igitur</strong></span> <span class='ocrx_word' id='word_1_241' title='bbox 453 3165 600 3237; x_wconf 77' lang='lat' dir='ltr'><strong>principum</strong></span> <span class='ocrx_word' id='word_1_242' title='bbox 617 3168 781 3222; x_wconf 80' lang='lat' dir='ltr'><strong>maiestatem</strong></span> <span class='ocrx_word' id='word_1_243' title='bbox 801 3167 880 3238; x_wconf 83' lang='lat' dir='ltr'><strong>pravi</strong></span> <span class='ocrx_word' id='word_1_244' title='bbox 903 3167 1067 3236; x_wconf 72' lang='lat' dir='ltr'><strong>adulatores,</strong></span> <span class='ocrx_word' id='word_1_245' title='bbox 1090 3165 1240 3237; x_wconf 81' lang='lat' dir='ltr'><strong>ignorantia</strong></span> <span class='ocrx_word' id='word_1_246' title='bbox 1261 3184 1371 3236; x_wconf 90' lang='lat' dir='ltr'><strong>morem,</strong></span> 
     </span>
     <span class='ocr_line' id='line_1_29' title="bbox 264 3225 1372 3355; baseline 0.002 -67"><span class='ocrx_word' id='word_1_247' title='bbox 264 3253 317 3306; x_wconf 90' lang='lat' dir='ltr'><strong>quo</strong></span> <span class='ocrx_word' id='word_1_248' title='bbox 334 3234 388 3305; x_wconf 79' lang='lat' dir='ltr'><strong>ipsi</strong></span> <span class='ocrx_word' id='word_1_249' title='bbox 404 3235 483 3355; x_wconf 84' lang='grc' dir='ltr'><strong>ρτίτοί</strong></span> <span class='ocrx_word' id='word_1_250' title='bbox 498 3253 635 3289; x_wconf 82' lang='lat' dir='ltr'><strong>servorum</strong></span> <span class='ocrx_word' id='word_1_251' title='bbox 651 3239 713 3306; x_wconf 84' lang='lat' dir='ltr'><strong>sint,</strong></span> <span class='ocrx_word' id='word_1_252' title='bbox 732 3225 897 3292; x_wconf 76' lang='lat' dir='ltr'><strong>inducentes.</strong></span> <span class='ocrx_word' id='word_1_253' title='bbox 916 3240 987 3307; x_wconf 89' lang='lat' dir='ltr'><strong>qnod</strong></span> <span class='ocrx_word' id='word_1_254' title='bbox 1004 3255 1095 3290; x_wconf 81' lang='lat' dir='ltr'><strong>uerum</strong></span> <span class='ocrx_word' id='word_1_255' title='bbox 1113 3255 1172 3290; x_wconf 84' lang='lat' dir='ltr'><strong>esse</strong></span> <span class='ocrx_word' id='word_1_256' title='bbox 1187 3255 1221 3290; x_wconf 81' lang='lat' dir='ltr'><strong>er</strong></span> <span class='ocrx_word' id='word_1_257' title='bbox 1236 3235 1372 3290; x_wconf 72' lang='lat' dir='ltr'><strong>bisetium</strong></span> 
     </span>
     <span class='ocr_line' id='line_1_30' title="bbox 263 3303 1370 3376; baseline 0 -19"><span class='ocrx_word' id='word_1_258' title='bbox 263 3305 390 3372; x_wconf 77' lang='lat' dir='ltr'><strong>colligere</strong></span> <span class='ocrx_word' id='word_1_259' title='bbox 416 3303 478 3357; x_wconf 84' lang='lat' dir='ltr'><strong>icet.</strong></span> <span class='ocrx_word' id='word_1_260' title='bbox 513 3307 648 3374; x_wconf 79' lang='lat' dir='ltr'><strong>Augustus</strong></span> <span class='ocrx_word' id='word_1_261' title='bbox 663 3307 818 3376; x_wconf 84' lang='lat' dir='ltr'><strong>aliquando,</strong></span> <span class='ocrx_word' id='word_1_262' title='bbox 841 3307 884 3359; x_wconf 89' lang='lat' dir='ltr'><strong>vel</strong></span> <span class='ocrx_word' id='word_1_263' title='bbox 898 3309 1013 3360; x_wconf 69' lang='lat' dir='ltr'><strong>formose</strong></span> <span class='ocrx_word' id='word_1_264' title='bbox 1027 3307 1168 3373; x_wconf 83' lang='lat' dir='ltr'><strong>Tiberius,</strong></span> <span class='ocrx_word' id='word_1_265' title='bbox 1194 3307 1240 3375; x_wconf 89' lang='lat' dir='ltr'><strong>qui</strong></span> <span class='ocrx_word' id='word_1_266' title='bbox 1253 3305 1292 3358; x_wconf 89' lang='lat' dir='ltr'><strong>illi</strong></span> <span class='ocrx_word' id='word_1_267' title='bbox 1307 3323 1370 3358; x_wconf 86' lang='lat' dir='ltr'><strong>auc-</strong></span> 
     </span>
     <span class='ocr_line' id='line_1_31' title="bbox 265 3373 1368 3446; baseline 0 -19"><span class='ocrx_word' id='word_1_268' title='bbox 265 3375 361 3440; x_wconf 81' lang='lat' dir='ltr'><strong>ceesit,</strong></span> <span class='ocrx_word' id='word_1_269' title='bbox 387 3374 421 3426; x_wconf 91' lang='lat' dir='ltr'><strong>ab</strong></span> <span class='ocrx_word' id='word_1_270' title='bbox 436 3373 598 3428; x_wconf 79' lang='lat' dir='ltr'><strong>adulatorum</strong></span> <span class='ocrx_word' id='word_1_271' title='bbox 612 3393 664 3430; x_wconf 89' lang='lat' dir='ltr'><strong>uno</strong></span> <span class='ocrx_word' id='word_1_272' title='bbox 680 3377 799 3429; x_wconf 82' lang='lat' dir='ltr'><strong>dominus</strong></span> <span class='ocrx_word' id='word_1_273' title='bbox 814 3375 978 3446; x_wconf 80' lang='lat' dir='ltr'><strong>appellatus,</strong></span> <span class='ocrx_word' id='word_1_274' title='bbox 1002 3376 1119 3430; x_wconf 83' lang='lat' dir='ltr'><strong>surrexit</strong></span> <span class='ocrx_word' id='word_1_275' title='bbox 1138 3376 1291 3446; x_wconf 74' lang='lat' dir='ltr'><strong>dimisitque</strong></span> <span class='ocrx_word' id='word_1_276' title='bbox 1304 3393 1368 3428; x_wconf 90' lang='lat' dir='ltr'><strong>con-</strong></span> 
     </span>
     <span class='ocr_line' id='line_1_32' title="bbox 263 3442 1370 3516; baseline 0.003 -22"><span class='ocrx_word' id='word_1_277' title='bbox 263 3444 381 3509; x_wconf 84' lang='lat' dir='ltr'><strong>cionem,</strong></span> <span class='ocrx_word' id='word_1_278' title='bbox 405 3442 542 3511; x_wconf 84' lang='lat' dir='ltr'><strong>indignum</strong></span> <span class='ocrx_word' id='word_1_279' title='bbox 565 3463 609 3512; x_wconf 83' lang='lat' dir='ltr'><strong>se,</strong></span> <span class='ocrx_word' id='word_1_280' title='bbox 635 3454 665 3498; x_wconf 89' lang='lat' dir='ltr'><strong>ut</strong></span> <span class='ocrx_word' id='word_1_281' title='bbox 680 3446 786 3512; x_wconf 83' lang='lat' dir='ltr'><strong>aiebat,</strong></span> <span class='ocrx_word' id='word_1_282' title='bbox 810 3454 935 3515; x_wconf 85' lang='lat' dir='ltr'><strong>reputans</strong></span> <span class='ocrx_word' id='word_1_283' title='bbox 949 3446 1105 3499; x_wconf 86' lang='lat' dir='ltr'><strong>cumservis</strong></span> <span class='ocrx_word' id='word_1_284' title='bbox 1119 3445 1243 3516; x_wconf 82' lang='lat' dir='ltr'><strong>colloqui.</strong></span> <span class='ocrx_word' id='word_1_285' title='bbox 1277 3461 1370 3497; x_wconf 79' lang='lat' dir='ltr'><strong>uerum</strong></span> 
     </span>
     <span class='ocr_line' id='line_1_33' title="bbox 264 3511 1369 3584; baseline 0.002 -20"><span class='ocrx_word' id='word_1_286' title='bbox 264 3529 323 3566; x_wconf 87' lang='lat' dir='ltr'><strong>oum</strong></span> <span class='ocrx_word' id='word_1_287' title='bbox 336 3512 389 3564; x_wconf 85' lang='lat' dir='ltr'><strong>iam</strong></span> <span class='ocrx_word' id='word_1_288' title='bbox 402 3521 481 3564; x_wconf 84' lang='lat' dir='ltr'><strong>autea</strong></span> <span class='ocrx_word' id='word_1_289' title='bbox 494 3521 523 3565; x_wconf 83' lang='lat' dir='ltr'><strong>ut</strong></span> <span class='ocrx_word' id='word_1_290' title='bbox 540 3511 624 3566; x_wconf 81' lang='lat' dir='ltr'><strong>honos</strong></span> <span class='ocrx_word' id='word_1_291' title='bbox 641 3514 784 3583; x_wconf 81' lang='lat' dir='ltr'><strong>ignominie</strong></span> <span class='ocrx_word' id='word_1_292' title='bbox 800 3515 950 3568; x_wconf 82' lang='lat' dir='ltr'><strong>introducta</strong></span> <span class='ocrx_word' id='word_1_293' title='bbox 964 3516 1009 3582; x_wconf 86' lang='lat' dir='ltr'><strong>sit,</strong></span> <span class='ocrx_word' id='word_1_294' title='bbox 1025 3514 1227 3568; x_wconf 77' lang='lat' dir='ltr'><strong>mansuetissimi</strong></span> <span class='ocrx_word' id='word_1_295' title='bbox 1241 3513 1369 3584; x_wconf 84' lang='lat' dir='ltr'><strong>principis</strong></span> 
     </span>
     <span class='ocr_line' id='line_1_34' title="bbox 265 3581 1370 3655; baseline 0.001 -20"><span class='ocrx_word' id='word_1_296' title='bbox 265 3581 350 3635; x_wconf 83' lang='lat' dir='ltr'><strong>nostri</strong></span> <span class='ocrx_word' id='word_1_297' title='bbox 365 3581 503 3647; x_wconf 81' lang='lat' dir='ltr'><strong>modestia,</strong></span> <span class='ocrx_word' id='word_1_298' title='bbox 520 3583 640 3650; x_wconf 81' lang='lat' dir='ltr'><strong>quamvis</strong></span> <span class='ocrx_word' id='word_1_299' title='bbox 654 3583 833 3636; x_wconf 81' lang='lat' dir='ltr'><strong>moderatione</strong></span> <span class='ocrx_word' id='word_1_300' title='bbox 847 3601 936 3638; x_wconf 79' lang='lat' dir='ltr'><strong>omues</strong></span> <span class='ocrx_word' id='word_1_301' title='bbox 950 3585 1063 3638; x_wconf 92' lang='lat' dir='ltr'><strong>omnium</strong></span> <span class='ocrx_word' id='word_1_302' title='bbox 1076 3594 1221 3655; x_wconf 85' lang='lat' dir='ltr'><strong>temporum</strong></span> <span class='ocrx_word' id='word_1_303' title='bbox 1235 3583 1370 3652; x_wconf 84' lang='lat' dir='ltr'><strong>principes</strong></span> 
     </span>
     <span class='ocr_line' id='line_1_35' title="bbox 264 3651 1370 3724; baseline 0 -20"><span class='ocrx_word' id='word_1_304' title='bbox 264 3651 420 3718; x_wconf 80' lang='lat' dir='ltr'><strong>antecedat,</strong></span> <span class='ocrx_word' id='word_1_305' title='bbox 446 3659 475 3702; x_wconf 84' lang='lat' dir='ltr'><strong>et</strong></span> <span class='ocrx_word' id='word_1_306' title='bbox 491 3651 589 3706; x_wconf 88' lang='lat' dir='ltr'><strong>domini</strong></span> <span class='ocrx_word' id='word_1_307' title='bbox 611 3669 705 3706; x_wconf 92' lang='lat' dir='ltr'><strong>nomen</strong></span> <span class='ocrx_word' id='word_1_308' title='bbox 726 3652 810 3705; x_wconf 79' lang='lat' dir='ltr'><strong>veluti</strong></span> <span class='ocrx_word' id='word_1_309' title='bbox 830 3653 894 3706; x_wconf 89' lang='lat' dir='ltr'><strong>boui</strong></span> <span class='ocrx_word' id='word_1_310' title='bbox 910 3655 1028 3723; x_wconf 84' lang='lat' dir='ltr'><strong>parentis</strong></span> <span class='ocrx_word' id='word_1_311' title='bbox 1043 3653 1158 3724; x_wconf 86' lang='lat' dir='ltr'><strong>patitur,</strong></span> <span class='ocrx_word' id='word_1_312' title='bbox 1183 3669 1236 3706; x_wconf 91' lang='lat' dir='ltr'><strong>non</strong></span> <span class='ocrx_word' id='word_1_313' title='bbox 1252 3653 1370 3722; x_wconf 75' lang='lat' dir='ltr'><strong>gaudens</strong></span> 
     </span>
     <span class='ocr_line' id='line_1_36' title="bbox 265 3721 1334 3792; baseline 0.001 -19"><span class='ocrx_word' id='word_1_314' title='bbox 265 3738 308 3790; x_wconf 88' lang='lat' dir='ltr'><strong>eo,</strong></span> <span class='ocrx_word' id='word_1_315' title='bbox 326 3721 374 3774; x_wconf 86' lang='lat' dir='ltr'><strong>sed</strong></span> <span class='ocrx_word' id='word_1_316' title='bbox 390 3735 486 3772; x_wconf 84' lang='lat' dir='ltr'><strong>verena</strong></span> <span class='ocrx_word' id='word_1_317' title='bbox 502 3721 590 3789; x_wconf 86' lang='lat' dir='ltr'><strong>potius</strong></span> <span class='ocrx_word' id='word_1_318' title='bbox 607 3740 640 3775; x_wconf 85' lang='lat' dir='ltr'><strong>ne</strong></span> <span class='ocrx_word' id='word_1_319' title='bbox 656 3721 702 3792; x_wconf 88' lang='lat' dir='ltr'><strong>qui</strong></span> <span class='ocrx_word' id='word_1_320' title='bbox 718 3723 842 3776; x_wconf 84' lang='lat' dir='ltr'><strong>venerari</strong></span> <span class='ocrx_word' id='word_1_321' title='bbox 854 3741 884 3775; x_wconf 82' lang='lat' dir='ltr'><strong>se</strong></span> <span class='ocrx_word' id='word_1_322' title='bbox 901 3723 1064 3776; x_wconf 87' lang='lat' dir='ltr'><strong>arbitrentur</strong></span> <span class='ocrx_word' id='word_1_323' title='bbox 1075 3723 1189 3776; x_wconf 83' lang='lat' dir='ltr'><strong>relicere</strong></span> <span class='ocrx_word' id='word_1_324' title='bbox 1202 3723 1334 3774; x_wconf 81' lang='lat' dir='ltr'><strong>uideatur.</strong></span> 
     </span>
     <span class='ocr_line' id='line_1_37' title="bbox 334 3791 1368 3862; baseline -0.001 -19"><span class='ocrx_word' id='word_1_325' title='bbox 334 3791 362 3843; x_wconf 88' lang='grc'><strong>7.</strong></span> <span class='ocrx_word' id='word_1_326' title='bbox 396 3791 452 3842; x_wconf 84' lang='lat' dir='ltr'><strong>Iam</strong></span> <span class='ocrx_word' id='word_1_327' title='bbox 469 3799 532 3843; x_wconf 83' lang='lat' dir='ltr'><strong>ante</strong></span> <span class='ocrx_word' id='word_1_328' title='bbox 548 3791 686 3844; x_wconf 86' lang='lat' dir='ltr'><strong>Romulum</strong></span> <span class='ocrx_word' id='word_1_329' title='bbox 702 3791 818 3862; x_wconf 83' lang='lat' dir='ltr'><strong>insignia</strong></span> <span class='ocrx_word' id='word_1_330' title='bbox 833 3791 986 3846; x_wconf 82' lang='lat' dir='ltr'><strong>Latinorum</strong></span> <span class='ocrx_word' id='word_1_331' title='bbox 1001 3793 1079 3862; x_wconf 78' lang='lat' dir='ltr'><strong>regui</strong></span> <span class='ocrx_word' id='word_1_332' title='bbox 1092 3801 1169 3845; x_wconf 86' lang='lat' dir='ltr'><strong>erant</strong></span> <span class='ocrx_word' id='word_1_333' title='bbox 1181 3792 1292 3846; x_wconf 87' lang='lat' dir='ltr'><strong>thronus</strong></span> <span class='ocrx_word' id='word_1_334' title='bbox 1305 3807 1368 3842; x_wconf 85' lang='lat' dir='ltr'><strong>can·</strong></span> 
     </span>
     <span class='ocr_line' id='line_1_38' title="bbox 266 3857 1370 3933; baseline 0 -21"><span class='ocrx_word' id='word_1_335' title='bbox 266 3857 375 3912; x_wconf 81' lang='lat' dir='ltr'><strong>collatus</strong></span> <span class='ocrx_word' id='word_1_336' title='bbox 394 3866 422 3911; x_wconf 89' lang='lat' dir='ltr'><strong>et</strong></span> <span class='ocrx_word' id='word_1_337' title='bbox 438 3857 538 3926; x_wconf 72' lang='lat' dir='ltr'><strong>reads,</strong></span> <span class='ocrx_word' id='word_1_338' title='bbox 564 3877 641 3930; x_wconf 86' lang='lat' dir='ltr'><strong>quam</strong></span> <span class='ocrx_word' id='word_1_339' title='bbox 655 3860 707 3930; x_wconf 86' lang='lat' dir='ltr'><strong>ipsi</strong></span> <span class='ocrx_word' id='word_1_340' title='bbox 722 3865 840 3914; x_wconf 85' lang='lat' dir='ltr'><strong>trabeam</strong></span> <span class='ocrx_word' id='word_1_341' title='bbox 854 3861 962 3926; x_wconf 78' lang='lat' dir='ltr'><strong>dicuut3</strong></span> <span class='ocrx_word' id='word_1_342' title='bbox 987 3861 1153 3933; x_wconf 80' lang='lat' dir='ltr'><strong>quoequalis</strong></span> <span class='ocrx_word' id='word_1_343' title='bbox 1170 3861 1267 3928; x_wconf 80' lang='lat' dir='ltr'><strong>luerit,</strong></span> <span class='ocrx_word' id='word_1_344' title='bbox 1291 3858 1370 3929; x_wconf 87' lang='lat' dir='ltr'><strong>paulo</strong></span> 
     </span>
     <span class='ocr_line' id='line_1_39' title="bbox 264 3927 1371 4002; baseline -0.001 -22"><span class='ocrx_word' id='word_1_345' title='bbox 264 3933 328 3998; x_wconf 82' lang='lat' dir='ltr'><strong>post</strong></span> <span class='ocrx_word' id='word_1_346' title='bbox 347 3927 459 3981; x_wconf 82' lang='lat' dir='ltr'><strong>dicetur.</strong></span> <span class='ocrx_word' id='word_1_347' title='bbox 495 3931 565 3982; x_wconf 87' lang='lat' dir='ltr'><strong>unde</strong></span> <span class='ocrx_word' id='word_1_348' title='bbox 582 3938 658 3984; x_wconf 81' lang='lat' dir='ltr'><strong>vates</strong></span> <span class='ocrx_word' id='word_1_349' title='bbox 672 3932 823 3999; x_wconf 85' lang='lat' dir='ltr'><strong>Romanus,</strong></span> <span class='ocrx_word' id='word_1_350' title='bbox 847 3931 875 3984; x_wconf 89' lang='lat' dir='ltr'><strong>in</strong></span> <span class='ocrx_word' id='word_1_351' title='bbox 890 3931 958 3985; x_wconf 90' lang='lat' dir='ltr'><strong>libro</strong></span> <span class='ocrx_word' id='word_1_352' title='bbox 976 3933 1088 4002; x_wconf 86' lang='lat' dir='ltr'><strong>septimo</strong></span> <span class='ocrx_word' id='word_1_353' title='bbox 1105 3931 1255 3995; x_wconf 83' lang='lat' dir='ltr'><strong>Aeneidos,</strong></span> <span class='ocrx_word' id='word_1_354' title='bbox 1279 3927 1371 3982; x_wconf 83' lang='lat' dir='ltr'><strong>Latini</strong></span> 
     </span>
     <span class='ocr_line' id='line_1_40' title="bbox 264 3995 1372 4067; baseline 0.003 -20"><span class='ocrx_word' id='word_1_355' title='bbox 264 3995 366 4064; x_wconf 81' lang='lat' dir='ltr'><strong>regium</strong></span> <span class='ocrx_word' id='word_1_356' title='bbox 383 3997 536 4050; x_wconf 75' lang='lat' dir='ltr'><strong>describens</strong></span> <span class='ocrx_word' id='word_1_357' title='bbox 553 4000 643 4054; x_wconf 83' lang='lat' dir='ltr'><strong>throni</strong></span> <span class='ocrx_word' id='word_1_358' title='bbox 660 4007 688 4053; x_wconf 84' lang='lat' dir='ltr'><strong>et</strong></span> <span class='ocrx_word' id='word_1_359' title='bbox 704 4002 814 4053; x_wconf 82' lang='lat' dir='ltr'><strong>trabeae</strong></span> <span class='ocrx_word' id='word_1_360' title='bbox 829 4001 956 4054; x_wconf 81' lang='lat' dir='ltr'><strong>meminit.</strong></span> <span class='ocrx_word' id='word_1_361' title='bbox 974 4009 1002 4053; x_wconf 86' lang='lat' dir='ltr'><strong>at</strong></span> <span class='ocrx_word' id='word_1_362' title='bbox 1019 4000 1131 4054; x_wconf 86' lang='lat' dir='ltr'><strong>Romulo</strong></span> <span class='ocrx_word' id='word_1_363' title='bbox 1149 4016 1247 4052; x_wconf 80' lang='lat' dir='ltr'><strong>corona</strong></span> <span class='ocrx_word' id='word_1_364' title='bbox 1262 3999 1372 4067; x_wconf 88' lang='lat' dir='ltr'><strong>insuper</strong></span> 
     </span>
     <span class='ocr_line' id='line_1_41' title="bbox 265 4067 1369 4141; baseline 0.004 -26"><span class='ocrx_word' id='word_1_365' title='bbox 265 4073 333 4131; x_wconf 82' lang='lat' dir='ltr'><strong>erat,</strong></span> <span class='ocrx_word' id='word_1_366' title='bbox 350 4075 535 4136; x_wconf 77' lang='lat' dir='ltr'><strong>sceptrumque</strong></span> <span class='ocrx_word' id='word_1_367' title='bbox 548 4067 577 4121; x_wconf 87' lang='lat' dir='ltr'><strong>in</strong></span> <span class='ocrx_word' id='word_1_368' title='bbox 589 4085 718 4122; x_wconf 84' lang='lat' dir='ltr'><strong>sammua</strong></span> <span class='ocrx_word' id='word_1_369' title='bbox 738 4068 815 4122; x_wconf 87' lang='lat' dir='ltr'><strong>uilem</strong></span> <span class='ocrx_word' id='word_1_370' title='bbox 829 4087 941 4138; x_wconf 84' lang='lat' dir='ltr'><strong>gerens,</strong></span> <span class='ocrx_word' id='word_1_371' title='bbox 964 4077 992 4122; x_wconf 89' lang='lat' dir='ltr'><strong>et</strong></span> <span class='ocrx_word' id='word_1_372' title='bbox 1004 4069 1101 4141; x_wconf 88' lang='lat' dir='ltr'><strong>penula</strong></span> <span class='ocrx_word' id='word_1_373' title='bbox 1117 4068 1193 4136; x_wconf 80' lang='lat' dir='ltr'><strong>albo,</strong></span> <span class='ocrx_word' id='word_1_374' title='bbox 1209 4067 1317 4133; x_wconf 80' lang='lat' dir='ltr'><strong>talaris,</strong></span> <span class='ocrx_word' id='word_1_375' title='bbox 1336 4067 1369 4120; x_wconf 88' lang='lat' dir='ltr'><strong>ab</strong></span> 
     </span>
     <span class='ocr_line' id='line_1_42' title="bbox 267 4089 1418 4208; baseline 0.003 -24"><span class='ocrx_word' id='word_1_376' title='bbox 267 4133 381 4187; x_wconf 80' lang='lat' dir='ltr'><strong>humeris</strong></span> <span class='ocrx_word' id='word_1_377' title='bbox 402 4135 431 4188; x_wconf 90' lang='lat' dir='ltr'><strong>in</strong></span> <span class='ocrx_word' id='word_1_378' title='bbox 451 4137 579 4190; x_wconf 89' lang='lat' dir='ltr'><strong>auteriori</strong></span> <span class='ocrx_word' id='word_1_379' title='bbox 600 4147 677 4206; x_wconf 86' lang='lat' dir='ltr'><strong>parte</strong></span> <span class='ocrx_word' id='word_1_380' title='bbox 700 4089 736 4192; x_wconf 81' lang='lat' dir='ltr'><strong>ad</strong></span> <span class='ocrx_word' id='word_1_381' title='bbox 756 4140 838 4208; x_wconf 84' lang='lat' dir='ltr'><strong>pedes</strong></span> <span class='ocrx_word' id='word_1_382' title='bbox 862 4139 956 4208; x_wconf 82' lang='lat' dir='ltr'><strong>pannis</strong></span> <span class='ocrx_word' id='word_1_383' title='bbox 979 4138 1120 4208; x_wconf 83' lang='lat' dir='ltr'><strong>purpureis</strong></span> <span class='ocrx_word' id='word_1_384' title='bbox 1143 4138 1249 4205; x_wconf 82' lang='lat' dir='ltr'><strong>virgata</strong></span> <span class='ocrx_word' id='word_1_385' title='bbox 1263 4139 1371 4202; x_wconf 89' lang='lat' dir='ltr'><strong>(nomen</strong></span> <span class='ocrx_word' id='word_1_386' title='bbox 1410 4131 1418 4146; x_wconf 82' lang='grc'><em>“</em></span> 
     </span>
     <span class='ocr_line' id='line_1_43' title="bbox 265 4203 1370 4278; baseline 0.001 -24"><span class='ocrx_word' id='word_1_387' title='bbox 265 4211 354 4255; x_wconf 82' lang='lat' dir='ltr'><strong>autem</strong></span> <span class='ocrx_word' id='word_1_388' title='bbox 370 4203 482 4274; x_wconf 81' lang='lat' dir='ltr'><strong>penulae</strong></span> <span class='ocrx_word' id='word_1_389' title='bbox 499 4213 571 4274; x_wconf 82' lang='lat' dir='ltr'><strong>toga,</strong></span> <span class='ocrx_word' id='word_1_390' title='bbox 591 4208 619 4259; x_wconf 92' lang='lat' dir='ltr'><strong>id</strong></span> <span class='ocrx_word' id='word_1_391' title='bbox 636 4217 678 4260; x_wconf 84' lang='lat' dir='ltr'><strong>eat</strong></span> <span class='ocrx_word' id='word_1_392' title='bbox 690 4215 877 4277; x_wconf 78' lang='lat' dir='ltr'><strong>tegumentum,</strong></span> <span class='ocrx_word' id='word_1_393' title='bbox 894 4209 975 4277; x_wconf 80' lang='lat' dir='ltr'><strong>idque</strong></span> <span class='ocrx_word' id='word_1_394' title='bbox 990 4225 1039 4278; x_wconf 90' lang='lat' dir='ltr'><strong>per</strong></span> <span class='ocrx_word' id='word_1_395' title='bbox 1052 4207 1220 4260; x_wconf 84' lang='lat' dir='ltr'><strong>antiaticlmm</strong></span> <span class='ocrx_word' id='word_1_396' title='bbox 1233 4223 1249 4258; x_wconf 86' lang='lat' dir='ltr'><strong>a</strong></span> <span class='ocrx_word' id='word_1_397' title='bbox 1262 4215 1370 4274; x_wconf 80' lang='lat' dir='ltr'><strong>tegere:</strong></span> 
     </span>
     <span class='ocr_line' id='line_1_44' title="bbox 266 4270 1371 4347; baseline 0.003 -26"><span class='ocrx_word' id='word_1_398' title='bbox 266 4270 308 4322; x_wconf 84' lang='lat' dir='ltr'><strong>sic</strong></span> <span class='ocrx_word' id='word_1_399' title='bbox 329 4272 398 4324; x_wconf 88' lang='lat' dir='ltr'><strong>enim</strong></span> <span class='ocrx_word' id='word_1_400' title='bbox 416 4274 512 4328; x_wconf 63' lang='lat' dir='ltr'><strong>lactine</strong></span> <span class='ocrx_word' id='word_1_401' title='bbox 534 4275 568 4329; x_wconf 85' lang='grc' dir='ltr'><strong><em>τό</em></strong></span> <span class='ocrx_word' id='word_1_402' title='bbox 591 4272 702 4328; x_wconf 79' lang='grc' dir='ltr'><strong><em>σκέπειν</em></strong></span> <span class='ocrx_word' id='word_1_403' title='bbox 723 4277 855 4344; x_wconf 75' lang='grc' dir='ltr'><strong><em>αἰτίαιν),</em></strong></span> <span class='ocrx_word' id='word_1_404' title='bbox 879 4287 906 4330; x_wconf 92' lang='lat' dir='ltr'><strong>et</strong></span> <span class='ocrx_word' id='word_1_405' title='bbox 927 4276 1130 4330; x_wconf 86' lang='lat' dir='ltr'><strong>calceamentum</strong></span> <span class='ocrx_word' id='word_1_406' title='bbox 1149 4275 1299 4347; x_wconf 87' lang='lat' dir='ltr'><strong>puniceum,</strong></span> <span class='ocrx_word' id='word_1_407' title='bbox 1327 4273 1371 4326; x_wconf 86' lang='lat' dir='ltr'><strong>cui</strong></span> 
     </span>
     <span class='ocr_line' id='line_1_45' title="bbox 234 4343 1369 4417; baseline 0.003 -24"><span class='ocrx_word' id='word_1_408' title='bbox 234 4363 239 4370; x_wconf 90' lang='lat'>·</span> <span class='ocrx_word' id='word_1_409' title='bbox 266 4357 361 4394; x_wconf 85' lang='lat' dir='ltr'><strong>nomen</strong></span> <span class='ocrx_word' id='word_1_410' title='bbox 376 4343 536 4414; x_wconf 75' lang='lat' dir='ltr'><strong>cothorum,</strong></span> <span class='ocrx_word' id='word_1_411' title='bbox 553 4345 696 4400; x_wconf 85' lang='lat' dir='ltr'><strong>secuudum</strong></span> <span class='ocrx_word' id='word_1_412' title='bbox 712 4345 898 4401; x_wconf 73' lang='lat' dir='ltr'><strong>Cocceium.</strong></span> <span class='ocrx_word' id='word_1_413' title='bbox 933 4353 1043 4417; x_wconf 77' lang='lat' dir='ltr'><strong>eratque</strong></span> <span class='ocrx_word' id='word_1_414' title='bbox 1057 4347 1124 4402; x_wconf 84' lang='lat' dir='ltr'><strong>haec</strong></span> <span class='ocrx_word' id='word_1_415' title='bbox 1138 4355 1202 4414; x_wconf 79' lang='lat' dir='ltr'><strong>toga</strong></span> <span class='ocrx_word' id='word_1_416' title='bbox 1214 4343 1289 4416; x_wconf 84' lang='lat' dir='ltr'><strong>pucio</strong></span> <span class='ocrx_word' id='word_1_417' title='bbox 1301 4351 1369 4396; x_wconf 74' lang='grc' dir='ltr'><strong><em>τοιο-</em></strong></span> 
     </span>
    </p>
   </div>
   <div class='ocr_carea' id='block_1_8' title="bbox 0 0 1555 4870">
    <p class='ocr_par' dir='ltr' id='par_1_9' title="bbox 0 0 1555 4870">
     <span class='ocr_line' id='line_1_46' title="bbox 0 0 1555 4870; baseline 0 0"><span class='ocrx_word' id='word_1_418' title='bbox 0 0 1555 4870; x_wconf 95' lang='lat' dir='ltr'><strong> </strong></span> 
     </span>
    </p>
   </div>
  </div>
 </body>
</html>
