3078 4870
391 341 449 408 DE
470 337 813 408 maulsrumuus
836 340 872 406 P.
891 339 933 406 R.
957 338 1037 410 LIB.
1060 339 1086 406 1.
1216 339 1289 412 125

183 507 261 584 σατό
275 539 308 582 τε
321 514 379 600 τὴν
392 513 517 602 ἤπειρον
531 515 660 590 καὶτοῖς
676 507 786 600 φόροις
801 509 955 600 ἓβάρυνεν.
1008 515 1064 599 (5)
1082 513 1159 580 dors
1175 509 1291 602 τόραν-

183 646 236 697 νος
250 612 288 704 ἦν
303 616 503 702 ὁῬωμόλος,
528 625 650 706 πρῶτον
664 619 722 699 μέν
734 617 787 680 τόν
803 617 937 706 ἀδελφόν
954 617 1068 684 ἀνελών
1083 621 1133 684 καί
1152 619 1206 684 τόν
1221 622 1289 701 μεί-

185 727 274 802 ζονα,
299 725 350 786 xus*
366 721 507 808 πράττων
523 720 641 807 ἀλόγως
655 719 694 785 τά
709 723 946 806 προσπίπτοντα.
997 720 1093 810 ταότη
1117 725 1167 788 καὶ
1188 727 1288 810 Κυρῖ-
1312 751 1315 764 ·

183 851 237 903 νος
253 823 487 912 προσηγορεύθη
510 825 600 890 οἱονεί
622 821 742 911 κόριος,
768 822 826 888 κάν
848 825 874 888 εί
897 825 1084 915 Διογενιανῷ
1105 833 1149 914 τῷ
1170 832 1286 904 λε’ξικο-

158 925 296 1016 ᾶγράφιρ
311 928 412 1008 ἄλλως
425 932 517 1016 δοκῇ·
544 929 616 994 οὐδὲ
629 926 688 1014 γάρ
704 924 855 1012 ἀγνοήσας
869 924 885 992 ό
897 925 1085 1013 Ῥωμόλοςῆ
1102 930 1131 993 οἳ
1147 931 1210 994 κατ’
1229 932 1287 996 αδ-

183 1031 237 1098 τδν
254 1035 404 1122 δείκνυται
418 1033 488 1097 κατ’
506 1034 599 1097 έκεῖνο
615 1037 724 1118 καιροῦ
739 1030 796 1114 τὴν
803 1027 938 1095 Ἑλλάδα
951 1029 1067 1118 φωνήν,
1083 1033 1138 1116 τὴν
1152 1036 1288 1099 Αίολίδα

184 1138 279 1220 λέγω,
305 1135 348 1213 δός
360 1161 455 1224 φασιν
470 1135 487 1200 ὅ
500 1161 532 1200 τε
546 1121 661 1200 Κάτων
678 1136 710 1198 ίν
732 1141 777 1222 τῷ
799 1137 866 1222 περὶ
885 1131 1055 1219 Ῥωμαῖκῆς
1078 1135 1287 1220 ἀρχαιότητος,

183 1238 321 1326 Βάρρων
342 1265 374 1306 τε
395 1237 412 1304 ὃ
428 1239 703 1322 πολυμαθέστατος
720 1239 753 1303 ἔν
768 1239 1015 1324 προοιμίοιςτιιῖν
1031 1239 1109 1325 πρός
1125 1239 1288 1321 Πομπήϊον

185 1343 271 1431 αὐτῷ
285 1343 516 1428 γεγραμμένων,
545 1341 708 1429 Εὐάνδρου
724 1343 775 1406 καὶ
791 1348 852 1406 τῶν
868 1341 969 1406 ἀλλων
978 1341 1136 1431 Ἀρκάδων
1154 1343 1288 1418 είςἸτα-
1367 1410 1372 1420 ,

67 1505 73 1521 ,
141 1459 180 1514 10
187 1448 255 1510 λίαν
269 1445 422 1510 ίλθόντων
434 1446 507 1509 ποτέ
521 1448 571 1509 καί
587 1445 642 1529 τὴν
655 1447 791 1510 Αἰολίδα
804 1455 868 1523 τοῖς
882 1444 1056 1534 βαρβάροις
1071 1443 1289 1532 ένσπειράντων

186 1546 302 1637 φωνήν.
352 1545 373 1632 ἦ
387 1547 446 1634 γὰρ
459 1558 681 1636 γραμματικοῖς
693 1549 778 1634 παρὰ
792 1548 904 1633 ταύτην
917 1551 1095 1634 είσαγομίνη
1108 1550 1289 1634 ε’τυρωλογία

185 1651 266 1736 μετά
286 1649 465 1736 συγγνώμης
485 1655 664 1734 βεβίασται·
689 1651 751 1716 ἀπδ
772 1649 901 1739 Κόρεως
922 1650 999 1739 γάρ,
1023 1655 1167 1735 πολίχνης
1189 1655 1288 1734 Σαβί-

183 1780 259 1833 νων,
284 1752 381 1830 οότως
396 1754 777 1844 αάτδνπαρονομασθῆναι
789 1753 965 1835 βούλονται,
987 1757 1093 1842 καίπερ
1111 1755 1168 1838 οόχ
1186 1752 1290 1842 ὁρμιά-

185 1883 278 1942 μενον
290 1859 420 1936 ἐκεῖθεν,
451 1859 500 1922 tut
523 1861 558 1924 δὲ
579 1866 634 1923 τοῦ
648 1859 827 1922 Παλατίνσυ
848 1864 963 1939 βουνοῦ
985 1861 1133 1942 τεχθέντα
1152 1884 1183 1924 τε
1205 1857 1290 1945 παρά

142 1975 179 2032 15
189 1969 257 2037 ταῖς
268 1959 379 2044 ὄχθαις
392 1967 447 2025 τοῦ
464 1963 626 2048 Τιβέριδος
642 1964 694 2026 καί
708 1962 863 2048 τραφέντα
877 1964 947 2027 έκεῖ.
998 1964 1122 2048 κυρίους
1142 1962 1201 2050 γάρ
1217 1955 1291 2026 iuu-

186 2063 260 2139 τοδς
274 2067 326 2128 καί
343 2061 508 2143 δεσπότας,
526 2065 591 2129 ἀλλ’
608 2064 644 2128 οά
658 2066 806 2146 βασιλέας
818 2062 959 2151 τύραννοι
976 2070 1100 2152 φιλοῦσι
1113 2071 1290 2132 καλεῖσθαι.

188 2167 202 2244 ί
211 2166 254 2249 6)
280 2176 415 2253 κρεῖττον
430 2169 464 2231 δὲ
477 2170 636 2250 βασιλείας
650 2166 685 2232 τό
699 2169 860 2254 Καίσαρος
874 2168 1011 2251 ἀξίωμα,
1047 2168 1093 2233 ότι
1114 2172 1165 2234 καὶ
1182 2173 1290 2235 δοῦναι

186 2271 333 2352 βασιλέας
348 2268 443 2336 πάλαι
457 2281 521 2348 τοῖς
533 2271 654 2336 έθνεσιν
669 2270 720 2335 ἐπ’
742 2273 880 2350 ίξουσιάς
899 2269 969 2355 εἶχε.
1019 2271 1147 2356 μισητδν
1162 2273 1222 2359 γάρ
1237 2274 1290 2336 καὶ

184 2367 354 2457 Ῥωμαϊκῆς
382 2375 557 2462 ἐλευθερίας
585 2371 746 2463 ἀλλότριον
774 2373 939 2454 δεσπότας,
978 2373 1057 2440 ἀλλά
1080 2375 1125 2460 μὴ
1144 2377 1291 2458 βασιλέας

146 2476 262 2553 toruis
274 2483 462 2563 κρατοῦντας
477 2475 652 2560 ὀνομάζειν,
680 2475 792 2544 καθότι
809 2476 957 2562 δεσπότης
976 2476 1074 2559 ὄνομα
1094 2477 1194 2543 κοινόν
1210 2480 1291 2543 ἔστιν

189 2577 293 2656 αάτοῒς
307 2583 435 2659 καὶτοῖς
450 2581 502 2646 ἵνα
517 2583 670 2669 δραπέτην
684 2583 892 2666 κεκτημένοις,
925 2581 962 2646 τὸ
978 2583 1012 2646 δέ
1023 2583 1174 2664 βασιλέων
1189 2579 1290 2646 adside

188 2683 241 2747 ani
253 2681 364 2764 μόνων.
409 2687 460 2748 καὶ
474 2689 567 2768 δῆλον
581 2683 721 2770 ἀντικρὺς
739 2683 785 2776 ότι1
795 2681 956 2768 Ῥωμαίοις
970 2683 1044 2763 έθος
1057 2683 1202 2749 dominos
1218 2681 1292 2760 τοδς

188 2785 436 2873 τυραννήσαντας
451 2787 623 2868 ἀποκαλεῖν,
649 2785 691 2864 ἀς
706 2788 743 2872 δη
758 2785 880 2853 Σίλλαν
895 2791 946 2854 καί
960 2786 1090 2876 Μάριον
1094 2835 1106 2870 ,
1131 2790 1182 2853 καὶ
1200 2790 1289 2871 δομι-

258 2929 276 2984 5
293 2927 455 3004 λεξσγράιγςο
477 2931 556 3002 vulgo
580 2937 608 2984 et
628 2929 678 2984 hoc
694 2931 753 2984 luce
777 2937 805 2985 et
823 2933 837 2985 1
857 2933 901 2988 17.
1039 2933 1057 2988 6
1077 2929 1185 2987 ἐκείνου
1206 2931 1293 3003 prima

257 3014 348 3054 manus
367 3001 400 3054 C.
503 3003 520 3056 9
538 2995 725 3055 dissidenti:
744 3018 805 3054 corr
820 3003 856 3055 F.
959 3003 996 3058 22
1011 2997 1101 3071 μόνον
1120 3004 1158 3056 Or
1176 3019 1237 3055 eurr
1254 3002 1290 3056 1r,

189 3118 298 3172 tributis
314 3119 445 3173 oneravit.
481 3121 534 3190 (5)
552 3137 636 3190 quare
652 3125 780 3187 tyrannus
802 3125 860 3172 erut
878 3119 1019 3183 Romulus;
1043 3119 1090 3188 qni
1108 3121 1213 3188 quidem
1234 3135 1292 3172 cum

189 3189 298 3242 fratrem
311 3190 395 3258 primu
409 3206 520 3260 eumque
533 3201 596 3243 natu
609 3190 733 3244 maiorem
746 3188 891 3256 interfecit,
904 3198 959 3242 tum
971 3197 1070 3242 temere
1085 3189 1210 3258 quicquid
1225 3188 1291 3270 egit.

191 3257 252 3310 hinc
266 3275 370 3326 quoque
388 3259 515 3321 Quirinus
531 3259 617 3314 dictus
632 3269 682 3327 est,
700 3257 728 3312 id
744 3268 787 3312 est
800 3256 896 3326 κύριος
914 3257 1074 3325 (dominuu);
1092 3257 1211 3326 quamuis
1224 3259 1291 3310 lno-

190 3327 313 3394 geuiano‚
331 3327 516 3381 vocabulorum
531 3329 665 3399 scriptori,
683 3327 761 3382 aliter
773 3327 886 3397 placeat.
921 3345 980 3381 imm
996 3337 1100 3380 constat
1113 3325 1250 3380 Romulum
1264 3332 1293 3379 et

190 3396 313 3465 aequales
332 3397 388 3449 eius
401 3396 515 3465 linguam
531 3400 677 3464 Graecam,
695 3397 812 3451 Aeoliam
830 3397 905 3463 dicu,
923 3397 999 3450 noni
1037 3413 1145 3462 orasse,
1172 3406 1202 3449 ut
1219 3395 1294 3448 aiunt

193 3467 271 3532 Cato,
288 3466 315 3518 iu
330 3465 397 3518 libro
413 3467 446 3519 de
462 3467 620 3536 antiquitate
633 3469 761 3534 Romana,
778 3477 806 3520 et
819 3467 984 3520 doctissimus
1027 3483 1096 3531 amo,
1114 3466 1140 3518 iu
1157 3465 1292 3534 prooemio

192 3534 293 3587 iliorum
313 3553 382 3604 quaa
396 3537 428 3588 ad
446 3535 598 3606 Pompeium
618 3537 739 3606 scripsitt
756 3537 855 3608 qnippe
871 3537 998 3590 Evander
1015 3536 1150 3604 ceterique
1167 3537 1295 3604 Arcades,

193 3601 221 3656 in
239 3605 340 3657 ltaliam
361 3603 422 3658 ulim
439 3606 613 3676 transgressi,
636 3605 753 3660 Aeoliam
776 3606 891 3674 linguam
913 3606 983 3660 inter
1007 3607 1135 3658 barbarus
1160 3620 1293 3673 sparsere.

192 3689 252 3726 nam
266 3676 334 3743 quod
350 3683 489 3756 praeterea
502 3691 517 3728 a
532 3675 708 3743 grammaticis
725 3677 835 3729 affertur
850 3687 966 3742 etymon,
983 3691 1049 3746 pace
1066 3691 1155 3727 eurum
1168 3673 1196 3726 vi
1209 3681 1293 3726 attra-

193 3753 263 3794 ctum
279 3743 400 3796 dixerim.
437 3762 453 3797 a
471 3745 544 3810 Cyre
561 3745 630 3797 euim
646 3743 803 3798 Sabinarum
820 3745 919 3815 oppidu
941 3761 999 3798 eum
1015 3743 1054 3797 ita
1071 3743 1230 3796 nominatum
1244 3759 1293 3794 vu-

192 3810 265 3878 lunt‚
283 3813 402 3880 quamvis
418 3829 470 3866 nun
486 3812 549 3866 inde
565 3814 715 3881 oriundum,
740 3815 789 3866 sed
807 3812 834 3866 in
850 3813 916 3868 colle
929 3813 1050 3866 Palatino
1071 3815 1105 3866 ad
1125 3811 1235 3866 Tiberis
1255 3812 1294 3863 ri-

193 3897 253 3950 pam
267 3891 354 3935 natum
372 3881 523 3951 ibidemque
538 3883 686 3937 educatum.
720 3883 839 3936 dominus
852 3883 955 3936 scilieet
971 3901 1001 3936 se
1017 3881 1135 3950 tyranni,
1153 3898 1206 3936 nnn
1219 3881 1280 3949 prin

193 3950 266 4020 cipes
286 3951 414 4020 appellari
428 3959 526 4005 amant.
561 3951 603 4019 (6)
622 3952 705 4004 maior
718 3969 783 4010 vern
797 3969 873 4021 qnam
886 3951 958 4020 regis
972 3958 1014 4006 est
1026 3951 1151 4006 Caesaris
1168 3949 1294 4018 dignitas,

192 4019 238 4088 qui
253 4020 297 4073 uei
312 4039 389 4090 reges
407 4021 529 4090 gentibus
545 4021 624 4074 dandi
642 4020 702 4074 olim
717 4029 876 4090 potestatem
892 4021 1025 4075 habuerit.
1039 4031 1047 4042 '
1059 4021 1158 4106 quippe
1175 4019 1295 4074 odiosum

193 4097 236 4141 est
252 4101 331 4159 atque
349 4107 364 4142 a
381 4091 500 4144 Romana
515 4090 627 4144 alienum
643 4089 778 4157 libertate
793 4089 921 4158 dominos,
936 4099 967 4144 at
983 4108 1037 4148 non
1051 4091 1185 4161 principes
1202 4087 1294 4158 appel-

192 4157 248 4212 lare
263 4160 437 4228 imperantes,
462 4169 590 4228 quatenus
604 4158 702 4213 domiui
718 4177 811 4213 nomen
826 4175 960 4213 commune
972 4161 1039 4232 ipsis
1053 4169 1082 4214 et
1093 4176 1170 4212 unum
1188 4175 1294 4212 servum

192 4228 407 4297 possidentibus,
432 4229 560 4298 principis
578 4239 664 4284 autam
678 4227 773 4282 nullius
792 4229 843 4282 uisi
863 4228 980 4298 ipsoram
995 4237 1046 4283 est.
1082 4247 1114 4282 ac
1130 4229 1296 4282 manifestum

194 4314 303 4366 prorsus
320 4307 376 4364 est,
401 4299 533 4352 Romanos
549 4298 636 4355 solere
655 4299 774 4354 dominos
791 4297 924 4368 appellare
946 4317 992 4354 eos
1016 4298 1062 4369 qui
1085 4299 1193 4365 tyranni
1209 4299 1295 4364 fuere,

194 4366 274 4418 sicuti
293 4365 394 4434 Syllam
408 4367 534 4422 videlicet
546 4367 721 4439 Mariumque,
737 4377 766 4422 et
777 4368 980 4424 duntiuatiouem
991 4368 1168 4439 tyrannidem.
1203 4365 1294 4440 depri-
