2934 4868
211 299 269 350 xrv
505 271 616 342 nisu
639 271 697 340 DE
720 267 878 340 londin
902 267 1020 336 LYDO

213 480 348 542 Airicsm
372 475 509 538 Sieiliem
530 474 622 536 ermis
641 471 824 544 obtinerent,
850 467 1039 550 reliquosque
1058 467 1163 548 popuii
1179 469 1311 530 Romani

213 582 384 664 provincias
396 579 564 639 incursibus
574 579 661 636 fectis
674 575 873 635 exinanirent.
916 589 1007 652 quem
1018 573 1229 651 gravissimum
1239 573 1312 632 lite-

215 689 316 766 risque
338 684 448 743 nostris
466 701 559 762 prope
579 679 702 740 istslem
722 695 825 738 cneum
847 675 958 734 smnmi
978 671 1118 738 homines
1138 672 1313 756 indicioque

211 785 426 860 eruditissimi,
455 780 611 858 Weiske,
641 775 804 842 rrhnuhte
833 779 962 859 aliique,
992 777 1151 838 culiforum
1175 777 1313 836 sultano·

212 897 343 972 'rumque
368 885 546 948 iiberalitate
571 901 606 944 nc
627 881 822 942 beneficentio
850 878 1071 962 quodammodo
1092 880 1226 939 lerstum
1247 899 1313 940 esse

213 993 331 1074 opinati
353 999 437 1063 sunt,
461 985 552 1068 idque
575 985 693 1064 scriptis
713 983 800 1044 editis
819 992 1039 1063 exposuerunt:
1061 981 1112 1042 De
1121 981 1314 1061 prirnoribus

215 1091 453 1154 Muhmdmi·
472 1091 528 1169 qui
548 1099 604 1148 cur
625 1085 666 1146 ab
690 1085 852 1148 ensdr'tsone
872 1097 1041 1146 azaram
1056 1083 1211 1144 &aarum
1230 1085 1313 1144 etli-

214 1197 377 1256 merorem
399 1193 586 1261 claruerunt,
608 1189 734 1268 Lipsiae
754 1187 845 1264 1747,
873 1185 904 1252 4·
929 1188 998 1254 ¹Do
1015 1187 1109 1248 stradis'
1127 1188 1314 1248 Graecorum

91 1317 119 1369 p.
137 1313 200 1354 xvn
217 1298 374 1358 monum
395 1295 483 1374 opud
500 1291 622 1360 Arabes
646 1292 740 1350 im'tr'ic
754 1301 784 1349 ct
796 1289 973 1352 montom.
1018 1291 1184 1352 Comment.
1204 1291 1314 1350 Societ.

215 1401 329 1462 Scient.
351 1417 413 1477 reg.
436 1394 698 1475 (intingerent
713 1397 737 1458 2
754 1395 871 1472 osto.
913 1413 1018 1454 verum
1041 1403 1075 1453 nt
1096 1397 1158 1454 ism
1179 1395 1315 1454 maxima

214 1503 350 1562 fueritin
363 1496 543 1581 quibusdem
553 1493 843 1556 Mohsmedsnornm
856 1497 976 1576 regibus
987 1495 1166 1575 benignitas,
1179 1500 1316 1556 maximo

215 1623 317 1664 rerum
339 1621 461 1662 marum
479 1601 622 1675 scientis,
643 1601 721 1660 sicut
739 1599 815 1674 fnit,
832 1608 933 1658 temen
957 1597 1057 1660 studia
1074 1609 1103 1658 et
1119 1609 1212 1674 artes,
1236 1618 1316 1680 quse

214 1715 301 1766 erent
324 1705 445 1764 Graecis
468 1705 671 1764 monumentis
695 1698 921 1783 disciplinisque
942 1711 1005 1762 tots
1021 1702 1099 1774 Asin
1112 1701 1174 1774 ism
1187 1701 1225 1761 sb
1238 1703 1316 1761 Ale-

214 1807 327 1870 nndri
340 1811 382 1868 Μ.
397 1805 583 1886 temporibus
597 1801 707 1864 trudito
721 1821 756 1866 so
772 1813 961 1879 comer-veta,
980 1805 1148 1865 necessario
1164 1804 1250 1864 noris
1265 1823 1316 1862 re·

215 1909 379 1989 ligionibus
400 1908 507 1970 studiis
523 1908 657 1968 moribus
676 1903 805 1966 inductis
825 1908 956 1985 groviter
973 1915 1042 1968 sunt
1058 1903 1183 1981 effectu
1206 1906 1317 1988 quibus

215 2011 314 2070 semel
337 2010 464 2071 sublatis
484 2020 515 2070 et
534 2009 662 2070 Arebice
681 2009 786 2088 lingue
807 2005 906 2068 indies
925 2009 1016 2068 lutins
1034 2004 1137 2083 fundi,
1159 2017 1188 2067 et
1203 2009 1317 2068 Graeca

215 2115 351 2196 primum
367 2131 408 2171 ex
421 2113 614 2193 optimatum,
635 2119 703 2191 post
716 2111 810 2170 etism
820 2113 942 2170 omnino
956 2129 997 2170 ex
1011 2130 1070 2170 usu
1084 2109 1318 2174 consuetudine-

216 2235 278 2298 qus
293 2212 453 2274 homiuum
467 2233 645 2276 evanescere
661 2215 753 2294 inque
766 2231 862 2292 penos
875 2213 1063 2275 Poiaestinse
1074 2211 1242 2276 Phoenices
1255 2215 1318 2296 sy-

216 2320 281 2378 riae
300 2319 476 2378 interamnis
495 2318 677 2378 monasteris
692 2317 843 2394 compingi
857 2317 965 2396 coepit.
1008 2315 1043 2374 fit
1055 2318 1137 2375 enirn
1149 2314 1208 2378 hoc
1220 2320 1254 2376 in
1268 2319 1317 2378 ri-

217 2422 274 2480 ctis
292 2421 478 2497 nationibus,
499 2430 533 2480 nt
553 2418 592 2480 sd
610 2419 797 2480 vincentium
814 2435 985 2478 sermonem
1002 2418 1145 2482 libentius
1163 2441 1197 2481 se
1216 2421 1318 2501 sppli-

217 2532 301 2598 cent,
322 2533 383 2582 nec
397 2524 495 2601 magis
516 2524 548 2580 in
569 2523 674 2600 lingue
695 2539 787 2605 quom
800 2521 833 2578 in
848 2521 984 2581 libertate
999 2523 1096 2602 petris
1108 2523 1220 2584 tuenda
1234 2545 1319 2585 sores

216 2625 385 2686 videantur.
428 2640 487 2706 qun
499 2627 532 2684 in
544 2624 736 2685 conversione
755 2639 899 2701 magnam
912 2623 1059 2684 librorum
1073 2627 1253 2688 Graecorum
1268 2627 1319 2688 fs-

217 2736 298 2784 ctom
312 2729 458 2786 iacturam
472 2736 607 2787 accurate
621 2727 846 2806 explicaverunt
859 2727 1048 2802 AHHeeren,
1077 2728 1253 2790 Gesolrichte
1267 2731 1320 2790 doc

220 2829 380 2888 Studium
401 2829 454 2888 der
474 2827 654 2890 elcssiscben
671 2827 827 2888 Literctur
847 2829 907 2888 vol.
928 2829 964 2904 l,
992 2831 1152 2911 Gottingae
1177 2835 1266 2907 1797,
1287 2835 1318 2908 8,

218 2951 251 3012 p.
265 2934 323 3007 98,
344 2942 376 2991 et
393 2929 605 3007 lGEichhorn‚
628 2929 805 2992 Gesohiclrte
822 2931 875 2990 der
893 2931 1050 2991 niteram:
1065 2933 1126 2993 vol.
1142 2939 1176 3008 1,
1197 2933 1319 2994 Gottin-

218 3051 276 3113 goe
296 3034 385 3109 1805,
400 3037 430 3109 8,
447 3055 479 3114 p·
491 3033 571 3110 6623
594 3032 736 3118 idemque
751 3055 812 3098 uno
828 3037 948 3096 loannis
963 3033 1196 3116 Epiphanismis
1210 3055 1320 3096 exem·

217 3139 270 3218 plo
292 3148 391 3217 potest
411 3135 620 3198 demonstrari.
662 3140 689 3200 is
709 3141 852 3214 loannes,
874 3139 928 3219 qui
943 3138 1002 3198 fuit
1015 3135 1164 3218 Agathise
1180 3137 1319 3202 Scholia-

80 3248 283 3320 p.xv111stne
305 3241 487 3318 Evagriiqne
507 3236 740 3318 Epiphoniensis
759 3241 908 3322 aequalis,
930 3239 967 3300 ab
987 3242 1045 3301 isto
1066 3239 1248 3302 landeturin
1262 3261 1320 3302 ex·

218 3351 315 3400 tremo
327 3341 405 3400 libro
420 3341 525 3420 quinto
536 3341 648 3401 Histor.
661 3343 833 3404 Ecclesiast.
847 3342 896 3404 ed.
908 3345 1007 3404 Voles.
1019 3363 1051 3423 p.
1063 3343 1127 3408 442
1139 3345 1183 3420 D,
1205 3365 1266 3427 quo
1279 3363 1320 3404 ox

218 3445 286 3504 ioco
301 3454 384 3523 petet
398 3444 454 3504 sub
471 3461 499 3502 a.
515 3443 594 3519 693,
619 3461 689 3504 cnm
711 3443 788 3506 hoec
811 3447 953 3506 scriberet
972 3449 1135 3526 Evagrius‚
1157 3444 1320 3526 Agathism

219 3565 255 3606 so
274 3550 418 3607 loannem
437 3543 575 3606 nondum
596 3548 736 3626 vulgasse
757 3569 827 3609 suos
846 3550 949 3609 libros.
993 3547 1087 3610 edidit
1101 3561 1202 3608 tumen
1216 3559 1320 3629 postes

219 3647 376 3710 historiam
402 3653 544 3725 ioannes,
574 3668 634 3731 que
652 3651 758 3731 iugem
780 3649 920 3712 Chosrois
939 3671 981 3727 11,
1007 3653 1091 3712 illius
1115 3671 1207 3732 quern
1226 3651 1320 3711 Cosru

219 3753 324 3812 Perris
338 3752 463 3812 borbore
480 3754 650 3833 appellunt,
670 3757 793 3835 eiusque
810 3750 1016 3814 reductionem
1028 3757 1059 3812 in
1073 3773 1199 3835 regnum
1215 3774 1242 3812 s.
1258 3751 1318 3818 691

219 3871 238 3912 a
253 3855 537 3916 Mauricionsessre
551 3857 663 3916 fsctsm
676 3857 824 3918 subtiliter
837 3867 900 3916 eret
914 3867 1104 3937 persecutus;
1127 3875 1254 3937 eamque
1271 3851 1320 3912 hi-

218 3957 343 4015 storiam
363 3952 628 4037 Theophylsotum
648 3959 843 4020 Simocsttsm
865 3964 999 4042 suspicor
1010 3970 1147 4022 secutum
1161 3979 1226 4018 esse
1242 3957 1319 4016 libro

218 4057 240 4120 4
260 4069 290 4116 et
312 4059 332 4123 6
356 4061 387 4117 in
403 4056 587 4138 dIgressione
602 4060 640 4120 de
653 4061 793 4123 Chosrois
806 4065 878 4144 fuge
893 4085 928 4124 ec
942 4063 1049 4124 reditu.
1093 4063 1206 4122 atenim
1221 4059 1320 4117 evenit

214 4162 322 4219 loanni
343 4160 376 4220 id
399 4161 483 4244 qnod
503 4159 590 4243 Lydo
610 4165 737 4246 odiisque
755 4167 876 4241 multis,
898 4177 931 4226 ut
951 4165 1101 4226 Arobibus
1122 4167 1222 4224 ineos
1240 4141 1319 4242 ipsos

215 4274 325 4325 nnotm
345 4265 624 4344 effervescentibus,
645 4269 699 4328 ubi
717 4271 861 4353 pleraque
883 4269 947 4328 eius
967 4269 1155 4348 exemplaris
1172 4267 1320 4326 exstitisse
