3078 4862
383 408 440 476 DE
464 405 800 476 MAGISTRtTmus
824 407 859 473 P.
878 407 918 476 R.
943 405 1022 474 LIB.
1042 405 1099 473 111.
1215 403 1285 476 195

439 617 1036 788 neroum

196 875 281 984 [sit
297 915 393 1002 νόμον
407 922 462 1002 τῆς
477 915 622 1003 ἱστορίας,
647 912 690 996 ῶς
703 912 798 1000 οἶμαι,
823 913 1017 1003 τηρηθίντος,
1039 919 1089 981 καλ
1102 915 1137 983 τὸ
1150 913 1284 1004 πρόσθεν

188 1023 421 1116 ίηηγγελμίνον,
441 1027 501 1086 τῶν
516 1025 676 1086 πολιτικῶν
691 1019 793 1106 ἀρχῶν
810 1018 862 1084 tab
877 1025 932 1084 τοῦ
945 1015 1037 1104 λόγου
1053 1023 1284 1106 παρελθουσῶν,

188 1128 320 1210 ἐπῆλθεν
333 1125 398 1207 ἐμοὶ
413 1121 490 1188 ἶίλιάν
503 1149 570 1188 τινα
584 1125 635 1188 καί
646 1121 764 1210 μονῆρη
776 1121 865 1206 λόγον
876 1123 943 1208 περὶ
955 1125 1011 1204 τῆς
1019 1124 1161 1206 μεγίστης
1173 1121 1285 1202 τάξεως

187 1235 243 1312 τῆς
257 1225 380 1316 πρώτης
394 1234 455 1294 τῶν
473 1225 576 1314 ἀρχῶν
590 1223 750 1292 ὑποθεῖναι
766 1233 804 1312 τῇ
820 1225 952 1314 ἱστορίη,
979 1223 1022 1288 δι’
1041 1210 1078 1289 ori
1092 1223 1130 1289 ἀν
1146 1251 1192 1302 τις
1205 1227 1286 1307 ἀμο-

160 1333 270 1416 5δρῶς
292 1332 502 1416 ἔσοπτρίααιτο
523 1329 578 1413 τὴν
596 1325 691 1394 πάλαι
711 1329 908 1416 κρατήσασαν
928 1329 960 1392 ἓν
983 1325 1061 1414 αὐτῇ
1086 1325 1286 1416 λαμπρότητα

186 1437 237 1498 καὶ
256 1433 412 1514 εὐταξίαν,
437 1431 475 1516 ῆν
489 1431 576 1518 ίγγάς
593 1431 781 1518 ἀπολομίνην
797 1427 960 1516 ὃ“γενναι”ος
973 1427 1060 1516 ἡμῶν
1069 1431 1215 1513 βασιλεὺς
1230 1431 1285 1498 onix

186 1536 266 1602 εἴασε
279 1541 432 1614 παντελῶς
447 1533 687 1620 ἀποσβεσθῆναι,
711 1535 826 1620 σονίχει
840 1535 873 1598 δὲ
886 1531 986 1620 ῶσπερ
1000 1537 1050 1600 καὶ
1063 1537 1180 1622 σφίγγει
1195 1537 1285 1621 διαρ-

185 1641 315 1728 ρίουσαν
333 1645 378 1726 τῷ
388 1635 492 1726 χρόνῳ
507 1639 562 1724 τῆν
577 1637 772 1724 ἀρχαιότητα.
823 1641 873 1702 καὶ
893 1641 995 1720 μεῖζον
1014 1639 1069 1719 μίν
1085 1639 1148 1702 ίστι
1165 1637 1209 1702 δι’
1227 1637 1285 1702 αὖ·

184 1748 241 1806 τοῦ
257 1741 333 1830 ῆπερ
350 1741 419 1829 ἀρτι
434 1738 616 1826 καθεστήκει
632 1742 668 1807 τὸ
683 1743 865 1822 πολίτευμα,
890 1737 1017 1824 Λιβύης
1032 1737 1104 1824 ῆμΐν
1118 1739 1285 1806 ἀποδοθεί-

141 1859 177 1913 10
185 1869 242 1929 σης
263 1843 321 1927 (οά
333 1845 444 1932 μικρὸν
457 1847 490 1910 δὲ
505 1845 541 1910 τὸ
558 1850 677 1926 κτῆμα,
698 1849 754 1928 τῆς
770 1845 803 1908 ‹tt
819 1841 971 1934 Εάρῶπης
989 1843 1021 1909 τὸ
1037 1849 1192 1910 πλεῖστον·
1218 1869 1283 1914 κοι-

184 1957 275 2012 νωνεῖ
293 1949 352 2034 γάρ
377 1948 454 2036 αὐτῇ
481 1955 536 2013 τοῦ
564 1944 712 2035 ζεφύρου,
738 1945 821 2012 καθὸ
844 1947 897 2012 τὸν
919 1939 1007 2036 εάρον
1029 1943 1099 2012 ὅλον
1122 1941 1282 2032 ιλίάωσινῆ

179 2049 267 2117 Ἀσία
281 2054 333 2114 καὶ
344 2048 466 2135 μόνη),
491 2054 542 2116 καί
556 2051 651 2134 αὐτῆς
664 2052 698 2115 ἀί
709 2035 834 2133 Ῥώμης
840 2097 850 2126 ,
876 2056 931 2132 τῆς
943 2052 1003 2115 τῶν
1019 2046 1205 2136 πραγμάτων
1220 2075 1283 2132 μη-

183 2151 271 2242 τρίς,
293 2153 516 2239 ἀπαλλαγείσης
535 2155 640 2241 ἱδρῶτι
653 2159 707 2238 τῆς
718 2156 876 2236 βασιλείας
892 2155 1012 2235 δεσμῶν
1027 2155 1077 2218 καλ
1090 2157 1284 2239 βαρβαρικῆς

184 2257 330 2334 ἔξουσίας.
381 2253 480 2322 πάντα
505 2258 555 2336 tt,
582 2255 641 2320 ἀσα
664 2247 709 2348 ῆνΙ
727 2257 799 2322 ποτὲ
822 2263 877 2338 τῆς
900 2257 1051 2332 πολιτείας
1076 2256 1282 2342 γνωρίσματα,

144 2375 176 2429 16
183 2359 262 2442 μετὰ
288 2361 454 2446 κρείττονος
477 2357 663 2438 ἀποσώζεται
691 2343 883 2435 δυναστείας·
920 2361 951 2424 0‘2'
970 2385 1002 2424 τε
1027 2355 1114 2440 νόμοι
1135 2357 1282 2444 θορύβων

183 2463 234 2527 καὶ
258 2460 452 2549 πολυρόρτσυ
474 2457 646 2547 συγχάσεως
666 2458 902 2546 ἀπηλλάγησαν,
927 2463 978 2525 καλ
997 2457 1152 2547 πραιγανίς
1166 2461 1229 2525 ἔστι
1246 2459 1279 2525 ni

183 2565 316 2644 δίκαιον,
342 2567 392 2628 καλ
413 2565 572 2648 μεταμίλει
593 2575 657 2640 τοῖς
681 2567 881 2652 φιλοδικαίοις
906 2562 940 2628 τὸ
967 2565 1035 2650 πρὶν
1060 2564 1282 2646 ἓναγρυπνῆσαι

183 2677 250 2744 ταῖς
274 2671 484 2754 φιλονεικίαις,
508 2667 611 2752 μάχης
634 2665 778 2749 οάἀεμιεῖς
792 2667 827 2732 τά
845 2665 950 2732 λοιπὸν
966 2665 1016 2732 ciui
1032 2670 1086 2749 τῆς
1101 2670 1162 2728 τῶν
1179 2662 1280 2747 νόμων
1373 2693 1377 2702 ·

183 2768 396 2856 καθαρότητος
420 2767 712 2853 ὖπολιμπανομίνης.
763 2773 816 2835 καλ
842 2769 985 2858 κρείττων
1010 2769 1066 2852 μίν
1087 2763 1107 2852 ῆ
1129 2767 1280 2850 βασιλίως

252 2923 421 2998 ᾶίσοιιτρον
436 2945 482 2984 σοι
497 2947 534 2984 τα
550 2931 589 2987 cr
607 2947 668 2986 corr
681 2931 717 2988 F.
787 2929 821 2986 16
838 2925 1100 3000 κροσφακίατιιίςο.
1172 2931 1206 2985 li
1220 2928 1279 2998 lego

251 2997 406 3067 φιλοδίκοις
420 2999 455 3054 F.

431 3247 1027 3339 LIBERIII.

183 3403 344 3526 Historiae
361 3451 434 3522 lege,
460 3461 491 3506 ut
505 3451 614 3524 opinor,
637 3453 792 3520 observato,
816 3455 845 3504 ct
859 3451 999 3504 secundum
1013 3447 1083 3532 quod
1098 3455 1159 3504 ante
1173 3450 1276 3522 pollici-

182 3532 225 3576 tus
238 3539 295 3574 cum
308 3521 500 3590 magistratibus
516 3521 637 3576 ciuilibus
650 3521 795 3588 enarretis,
813 3522 896 3573 visum
911 3529 951 3574 est
964 3519 1027 3574 mibr
1044 3519 1177 3602 proprium
1194 3537 1280 3591 quon·

183 3593 242 3645 dum
259 3609 291 3644 cc
307 3589 463 3660 singularem
478 3589 592 3644 libellum
608 3593 641 3644 de
658 3590 769 3644 maximo
784 3585 873 3642 officio
890 3589 967 3660 primi
984 3597 1178 3657 magistratuum
1192 3589 1277 3642 bisto-

183 3661 239 3714 rice
252 3659 397 3728 subiicere,
413 3661 441 3712 iu
458 3677 510 3730 quo
523 3659 582 3728 quie
596 3660 734 3730 pristinum
750 3659 806 3712 eius
820 3659 983 3728 splendorem
999 3657 1184 3727 egregiamque
1196 3659 1278 3712 dioci-

181 3729 277 3798 piinam
297 3731 407 3782 obscure
422 3729 570 3794 intuentum
596 3747 673 3800 quam
695 3747 764 3799 pene
783 3727 911 3800 perditem
927 3745 1070 3795 generosus
1086 3739 1176 3780 nostor
1192 3727 1276 3798 impe-

181 3807 255 3851 rator
271 3816 322 3850 non
339 3815 432 3870 paucus
450 3807 492 3852 eet
503 3797 621 3851 funditus
635 3797 769 3868 extingui,
787 3796 956 3864 continetque
970 3796 1157 3866 quodammodo
1173 3805 1200 3850 ct
1213 3815 1277 3850 con-

181 3867 246 3921 otrin
268 3867 288 3920 't
303 3865 460 3920 dilabentem
475 3876 593 3936 tempore
608 3867 799 3938 antiquitatem.
836 3883 866 3918 ac
884 3865 966 3918 maior
982 3865 1085 3934 quidem
1102 3882 1178 3934 quam
1194 3883 1279 3942 nuper

180 3953 230 4006 per
247 3885 316 3988 bium
335 3947 376 3989 cst
393 3955 435 3990 ree
453 3937 572 4008 publica,
596 3935 684 4004 Libye
700 3936 776 3990 nobie
793 3935 910 4002 reddito,
935 3951 986 3986 non
1007 3952 1090 4004 parvo
1111 3935 1194 4002 bono,
1219 3937 1276 3988 uu-

180 4021 299 4075 ropcquc
323 4005 458 4058 maximam
483 4015 583 4078 partem
608 4007 675 4074 (boc
699 4005 767 4058 enim
791 4004 819 4056 in
841 4003 1010 4056 Occidentem
1027 4003 1187 4074 porrigitur,
1207 4003 1276 4058 sicut

180 4073 316 4128 Orientem
331 4082 413 4127 totum
426 4075 491 4128 Asin
507 4073 614 4145 coloque
627 4074 754 4142 tribuit),
772 4072 832 4144 ipso
846 4079 931 4125 autem
948 4073 1046 4138 Romu,
1064 4071 1167 4142 imperii
1183 4083 1284 4146 matre„

181 4141 291 4196 vinculis
312 4152 339 4194 et
354 4145 491 4198 barbarica
513 4153 644 4216 potestate
660 4145 755 4198 sudore
768 4139 934 4212 imperatorie
951 4141 1071 4196 liberate.
1107 4141 1194 4194 omnia
1210 4159 1275 4193 vero

179 4226 247 4278 quoe
265 4213 394 4278 quondam
408 4215 482 4266 foere
498 4213 538 4266 rei
552 4213 673 4282 publicae
687 4221 851 4277 ornamento,
875 4210 967 4263 maiori
980 4225 1036 4264 cum
1050 4217 1182 4280 potestate
1195 4210 1275 4262 resti-

179 4285 296 4345 tuuntur,
313 4279 436 4350 legesque
450 4283 533 4336 turbis
549 4301 581 4336 ec
594 4281 743 4354 multiplicis
759 4299 839 4334 onere
857 4279 1015 4332 corriusionis
1029 4277 1171 4345 iiberctee;
1187 4286 1274 4362 petet-

178 4362 231 4418 quc
253 4348 362 4416 insum,
396 4367 427 4401 oc
447 4349 529 4410 litium
550 4359 666 4406 ementes
707 4351 806 4404 cenitet
827 4349 1036 4404 contentionibus
1059 4347 1118 4402 oiim
1141 4345 1276 4416 vigilasse,

179 4414 249 4472 nullu
264 4416 292 4472 rin
302 4413 440 4489 'posterum
459 4419 567 4491 propter
580 4419 665 4493 iugum
732 4421 821 4478 itetem
834 4436 924 4492 pugne
936 4419 1037 4474 relicto.
1072 4436 1104 4474 oc
1117 4414 1202 4473 virtu·
1215 4414 1274 4486 qui-
