2934 4868
450 349 796 424 GOMMENTARIUS.
1060 377 1176 429 mvn

48 562 159 614 nemst
192 551 315 633 ipsum
345 547 401 612 hio
431 550 596 614 oonsistere
624 555 736 634 patitur
763 555 958 635 praelationis
987 556 1175 621 institutums

50 677 138 738 prere
158 655 192 718 si
218 673 291 738 qna
317 663 392 716 sunt
411 665 567 734 praeterae
589 658 699 738 quibas
718 657 810 718 editio
824 655 1005 718 Sohowiana
1022 659 1176 721 emendari

52 759 163 840 pessit,
197 757 289 819 siout
301 767 391 836 sunt,
423 777 460 820 ea
475 758 661 822 oommodius
673 762 707 822 io
719 763 799 822 notis
815 759 977 822 adlibrnm
990 759 1029 822 ds
1044 766 1176 825 Ostentis

55 871 260 944 exponentur
270 855 316 942 ’).

136 962 212 1026 Sed
228 962 341 1022 illuxit
351 959 475 1022 tandem
489 960 651 1048 aliquando
661 964 767 1024 laetior
781 962 868 1046 hyde
880 962 945 1027 dies
956 984 984 1027 a.
996 963 1087 1043 1784,
1104 985 1174 1027 eum
1193 960 1236 1025 28

58 1069 145 1148 llpoii
162 1075 281 1147 ageret
292 1063 542 1126 Christianismi
562 1069 643 1146 regie
665 1065 704 1126 ad
721 1077 839 1146 portam
852 1065 1053 1129 Othomanam
1069 1071 1176 1150 splen·

60 1169 148 1232 didus
162 1173 314 1251 legatus,
337 1167 460 1227 Gabriel
475 1171 629 1250 Angustus
647 1165 685 1229 de
702 1167 1017 1246 choiseul-Gouffier,
1037 1172 1177 1251 publiea·

62 1293 126 1332 ram
141 1289 258 1333 rernm
274 1271 400 1331 scientis
414 1290 477 1330 non
496 1273 596 1332 minus
613 1291 705 1353 quam
722 1273 818 1355 gloria
837 1273 986 1332 maiorum
1002 1271 1116 1348 clarus,
1147 1281 1177 1334 et

13 1379 14 1394 ¹
63 1377 91 1433 is
107 1385 285 1456 unamque
301 1368 488 1432 aoadsmism
503 1375 558 1434 illo
571 1377 634 1434 iam
648 1383 783 1454 tempore
799 1383 963 1454 oooptetus,
984 1393 1054 1434 oum
1064 1377 1177 1434 ineam

65 1495 140 1558 (pne
153 1475 402 1554 incriptionum
413 1477 582 1553 vooabetur,
598 1475 808 1536 eruditissimis
822 1477 1060 1559 acutissimisque
1073 1473 1177 1537 homi-

67 1579 152 1638 nibus
178 1577 325 1637 maxima
348 1587 421 1636 tuno
439 1578 609 1655 florentem,
644 1589 710 1638 tum
723 1580 755 1636 in
773 1579 916 1653 alteram,
943 1579 1026 1637 ossius
1043 1579 1177 1658 glorioso

66 1679 169 1742 labore
193 1689 229 1739 et
245 1680 432 1740 Francorum
451 1679 556 1740 literae
575 1681 787 1741 inmortalitas
804 1681 970 1738 illustratae
986 1689 1056 1738 suut
1074 1690 1105 1740 et
1125 1683 1176 1740 iu-

67 1790 209 1864 corrupta
226 1791 276 1842 est
291 1783 438 1842 sermonis
454 1785 549 1842 nostri
564 1785 721 1863 integritas
736 1791 907 1844 oonstanter
922 1793 1106 1841 conservata.
1148 1785 1175 1844 io

68 1869 280 1945 ammonui
292 1884 355 1960 vu,
387 1881 559 1944 neormam
577 1887 686 1945 eruum
702 1888 861 1966 omneque
876 1881 1176 1944 emmerammus

70 1985 321 2062 sommendstus,
350 2003 419 2044 oum
435 1987 468 2044 in
487 1988 585 2066 primo
597 1989 762 2050 iuventutis
776 1989 851 2049 tiore
863 1995 894 2046 et
905 1987 1110 2045 mexisnarum
1127 2005 1177 2046 re-

70 2109 135 2147 rnm
147 2107 245 2148 mursa
259 2093 349 2161 esset,
369 2087 432 2145 ism
444 2097 518 2146 nmo
528 2107 600 2167 prae
615 2087 766 2150 doctrinae
781 2087 881 2149 studio
896 2085 1019 2148 dolioias
1033 2107 1177 2168 asperna-

72 2201 117 2250 tus
130 2191 298 2250 Graeciam
310 2189 438 2248 lustrare
451 2199 611 2266 statuerat,
642 2203 673 2251 et
688 2195 881 2274 antiquorum
898 2187 1058 2250 hominum
1070 2209 1176 2250 manes

73 2293 239 2372 sospeoies
253 2293 453 2371 interrogare,
480 2311 537 2372 per
548 2303 595 2353 tot
608 2293 745 2371 urbium,
773 2291 1177 2375 Athenuumqueipsamm,

75 2413 160 2454 meos
173 2394 308 2474 vestigia
321 2394 436 2473 possim
450 2403 593 2454 errantes.
637 2413 696 2478 qua
710 2395 743 2453 in
756 2396 995 2475 peregrinatione
1012 2415 1105 2478 quam
1123 2415 1177 2456 ou-
1193 2412 1222 2467 p·
1239 2409 1300 2450 uss

75 2497 187 2556 mosum
201 2515 270 2557 sesa
284 2493 458 2556 exhibuerit
472 2497 670 2576 politIssimue
687 2499 843 2557 vetustatis
856 2495 1079 2578 indagatorem,
1106 2499 1177 2557 lite-

76 2609 154 2658 ratus
172 2596 267 2658 homo
283 2599 316 2657 in
332 2599 453 2678 Europa
466 2617 557 2658 nemo
581 2607 626 2658 est
647 2601 702 2679 qui
722 2601 847 2663 ossolet.
889 2598 1085 2680 quamobrem
1100 2597 1177 2658 mihi

75 2697 202 2780 quidem
219 2695 330 2779 dignus
351 2700 485 2780 profesto
503 2697 623 2760 videtur
642 2701 736 2760 fuisse
751 2701 804 2781 qui
818 2719 879 2760 non
892 2699 1014 2783 Isydum
1029 2711 1175 2778 nostrmn,
1305 2757 1310 2770 ⁴

75 2801 128 2862 ssd
145 2801 315 2882 prinoipem
329 2803 462 2883 aliquem
481 2821 522 2862 ex
536 2803 658 2862 Graecis
678 2802 889 2882 seriptoribus,
920 2805 1056 2863 maxime
1074 2813 1176 2864 eutem

13 2909 14 2912 ’
76 2926 94 2963 s
106 2904 219 2985 poetis,
241 2907 292 2986 qul
307 2905 472 2985 petierunt,
495 2904 532 2962 ab
547 2905 652 2963 inieris
668 2905 830 2981 exultaret,
851 2903 1052 2965 Menandrum
1066 2904 1178 2967 videli-

77 3018 125 3066 eet
138 3015 172 3066 et
185 3003 393 3088 Sophronam,
423 3007 473 3068 vel
484 3002 669 3087 Sophoolem
680 3015 731 3066 aut
746 3005 913 3066 Pindarum
925 3027 967 3067 ex
981 3005 1032 3069 his
1048 3027 1179 3089 quos-vnn

76 3111 188 3190 sosipta
210 3127 275 3170 non
290 3129 399 3190 parum
418 3110 506 3190 plum
528 3111 637 3168 amima
662 3125 755 3188 quem
776 3118 891 3167 retente
907 3119 988 3168 sunt.
1029 3108 1070 3167 ed
1085 3127 1176 3189 quem

80 3215 162 3270 enirn
177 3213 279 3291 potius
293 3209 443 3270 eiusmodi
457 3211 662 3270 inventionem
676 3211 825 3289 pestium
842 3207 993 3284 dieamus,
1025 3229 1117 3293 quum
1137 3209 1176 3269 ud

82 3333 151 3373 eum
170 3315 225 3394 qni
242 3333 304 3373 non
324 3315 434 3375 minori
451 3309 572 3373 dioeudi
587 3312 711 3371 artificio
731 3329 823 3395 quam
839 3311 1040 3392 eognosoendi
1058 3314 1176 3394 peritia,

84 3433 279 3497 qnaeosanque
302 3416 363 3478 sibi
376 3417 533 3476 Graeciam
555 3407 726 3497 peragranti
746 3425 950 3489 ooourrerunt,
981 3425 1045 3474 tam
1066 3413 1176 3474 vividis

85 3519 229 3578 muribus
244 3521 404 3600 expressit,
427 3529 461 3579 ut
472 3537 577 3580 omnes
589 3520 792 3598 intelligerent
805 3515 883 3576 nihil
895 3536 961 3576 esse
974 3537 1036 3576 non
1047 3519 1175 3580 oratorio

86 3629 199 3680 tantum
219 3623 285 3680 eius
303 3619 360 3682 sed
380 3623 498 3704 poetica
523 3625 615 3682 etism
640 3621 783 3684 laeidtete
809 3621 1019 3702 praestantius.
1072 3603 1177 3679 verum

87 3815 289 3829 -ῄ-

150 3939 176 4009 *)
192 3921 385 4026 heliensibus
400 3949 526 4026 excerpta
542 3940 766 4025 postdehowiuns
777 3938 851 4024 (inii.
865 3938 1014 3993 Roetiseras
1026 3939 1178 4010 vesogvsosit

91 4012 1078 4160 mtteffifflemeeew·
1092 4014 1178 4130 tu.

92 4163 186 4216 reapse
204 4151 406 4218 copiosissimam
425 4149 531 4212 adierit,
550 4147 659 4218 Lipsiae
677 4156 705 4202 et
721 4147 890 4216 bermundi,
908 4163 934 4200 a.
949 4147 1026 4201 1827.
1044 4147 1136 4198 codice
1152 4161 1176 4197 ss

91 4231 147 4269 ossa
163 4228 205 4274 est
219 4219 344 4274 Parisino
361 4217 443 4284 3084,
467 4217 588 4272 udiutm
603 4216 747 4274 Lmrentio
764 4216 889 4284 Noikio,
904 4215 951 4286 qui
968 4217 1063 4270 nattes
1077 4215 1178 4268 mde-

13 4367 14 4396 ,
88 4285 173 4412 mid
195 4287 348 4364 affirmasti
371 4287 440 4340 iosos
462 4287 667 4360 ingeniosissins
685 4288 787 4360 portin
809 4286 956 4344 medrus
969 4284 1072 4356 portius
1088 4285 1179 4356 espin-
