2934 4868
222 363 297 416 ιω
568 337 682 408 nisu
704 337 763 406 illi
787 337 997 409 ostanus

223 543 279 609 sed
297 541 375 604 liaeo
389 549 481 623 egent
495 537 713 624 disquisitionis
724 539 886 620 longioris:
905 538 1102 619 inpraesenti
1124 535 1181 618 (ut
1194 533 1261 598 dixi
1275 558 1339 599 su-

224 660 345 747 perius)
366 681 428 721 non
452 659 544 722 ruodo
563 661 695 722 abstinui
716 661 754 719 ab
775 659 951 720 excursibus
972 653 1164 736 huiusmodi,
1186 657 1241 720 sed
1257 663 1338 721 uui-

224 805 310 848 verse
334 784 426 844 etiam
446 783 480 842 in
500 783 580 864 uotis
599 791 630 842 et
653 778 693 841 ed
716 782 838 842 Ostenta
861 791 892 840 et
912 778 952 840 ad
972 780 1177 860 fragmentum
1197 779 1267 840 libri
1283 783 1337 840 De

225 904 382 966 mensibus
395 920 514 963 summa
530 897 599 960 data
615 910 661 960 est
677 921 767 984 opera
783 912 816 962 ut
832 919 965 962 essemus
982 919 1073 982 quam
1087 901 1266 961 brevissimi.

171 1039 210 1102 11
251 1046 255 1055 ’
316 1027 410 1085 lirant
422 1023 546 1082 enimin
560 1017 626 1080 cod.
640 1021 797 1080 caseolluo
811 1019 884 1080 folia
896 1016 955 1079 duo
969 1019 1106 1079 abiuncta
1119 1019 1224 1103 (hodie
1237 1022 1337 1082 affixa

227 1145 267 1207 ad
281 1147 397 1228 reliqua
408 1139 510 1222 sunt),
533 1141 716 1201 continentia
729 1139 931 1218 fragmentum
944 1141 1013 1200 libri
1026 1141 1072 1198 De
1084 1143 1246 1217 mensibus,
1269 1163 1337 1202 uon

227 1269 377 1348 epitomae
392 1263 476 1322 illius
491 1259 589 1321 editae
603 1261 724 1340 Lipsiae
739 1256 835 1334 1794,
857 1261 894 1335 8,
918 1261 1071 1320 aNloolac
1086 1259 1243 1338 Schowio,
1265 1262 1338 1320 cla..

227 1387 345 1446 rissimo
358 1385 423 1444 viro
439 1391 469 1441 et
485 1377 674 1454 doctissimo,
696 1373 750 1438 sed
765 1379 942 1457 particulam
956 1381 1050 1460 ipsius
1062 1381 1147 1457 libai,
1170 1391 1337 1463 antequam

229 1501 486 1566 abreviatoribue
510 1501 642 1581 plurima
660 1508 880 1574 resecarentur,
910 1499 1101 1560 trubareutur
1127 1501 1245 1576 omnia,
1274 1518 1337 1559 nec

106 1649 137 1706 p.
153 1647 215 1689 xxu
232 1627 296 1686 fere
320 1623 482 1702 vestigium
507 1617 711 1701 dispositionis
734 1618 877 1698 pristinae
903 1619 1130 1703 relinqueretur.
1181 1631 1251 1682 suut
1277 1641 1338 1680 eae

228 1744 368 1830 pagellae
382 1761 478 1824 aeque
491 1738 698 1800 miserandum
712 1738 743 1795 ia
759 1735 885 1796 modum
900 1750 928 1800 et
941 1741 1057 1802 lacerae
1073 1753 1102 1801 et
1113 1749 1260 1800 vetustate
1276 1739 1339 1799 de-

228 1867 334 1940 tritae3
356 1873 408 1937 ut,
431 1881 501 1921 cum
520 1857 684 1920 meditarer
699 1857 917 1936 Prolegomeua
935 1862 966 1918 iu
984 1861 1096 1920 librum
1110 1861 1156 1920 lle
1173 1863 1339 1940 magistra-

229 1983 310 2042 tibus
332 1977 424 2062 (ride
440 1975 458 2061 §
474 1977 516 2042 85
532 1999 563 2059 p·
579 1974 703 2056 cxxv),
723 1987 862 2056 putarem
884 1977 1044 2036 lectionem
1063 1977 1185 2040 illarum
1208 1999 1247 2038 ne
1263 1990 1337 2038 ten-

229 2105 287 2162 tari
314 2097 439 2182 quidem
463 2115 561 2177 posse.
604 2107 709 2178 postea
731 2094 838 2156 eodem
857 2095 1023 2157 identidem
1041 2099 1167 2175 relatus,
1187 2096 1338 2160 intuendo

231 2215 413 2302 inquirendo
433 2213 588 2276 ariolando
612 2219 725 2296 passim
741 2219 912 2298 expiscatus
928 2235 996 2277 sum
1010 2219 1172 2296 nonnulla3
1194 2241 1270 2303 quae
1289 2221 1338 2280 si-

231 2340 299 2399 mul
323 2357 359 2397 ac
379 2337 513 2418 primum
535 2335 651 2418 aliquid
674 2337 750 2398 lucis
771 2335 897 2396 fundus
914 2339 979 2397 risa
994 2348 1081 2414 sunt,
1104 2349 1133 2398 et
1149 2339 1340 2400 alacritatem

233 2458 287 2543 (ut
302 2455 356 2538 fir)
378 2469 408 2518 et
420 2457 594 2518 facultatem
609 2458 754 2518 maiorem
769 2459 931 2518 attulerunt
947 2456 985 2518 ad
999 2458 1115 2540 reliqua
1130 2477 1249 2542 quoque
1262 2479 1337 2540 per·

234 2575 401 2661 sequenda.
443 2587 595 2658 postremo
618 2573 694 2637 haec
716 2575 882 2637 deformata
904 2579 1041 2659 quamvis
1066 2590 1096 2638 et
1119 2580 1246 2662 paucula
1270 2579 1338 2639 fra·-

222 2679 354 2780 ¹grnenta
374 2697 478 2757 libello
498 2699 544 2756 De
566 2697 689 2756 ostentis
711 2697 889 2777 subiungere
910 2717 941 2778 p.
957 2703 1016 2764 115
1028 2717 1096 2779 sqq.
1114 2717 1175 2758 nou
1189 2696 1336 2762 dubitati.

232 2835 406 2901 quanquam
419 2817 494 2876 ratio
509 2813 633 2898 quidem
646 2813 802 2879 dissimilis
816 2818 875 2878 fult
887 2815 962 2877 haec
977 2829 1067 2900 atque
1081 2819 1134 2878 ille
1146 2817 1335 2882 restituendi.

230 2939 264 2999 in
277 2939 407 3000 Oetentis
423 2955 492 2997 cum
504 2938 620 3013 fontes,
642 2934 722 2995 unde
736 2933 836 2996 hausit
853 2936 973 3020 Lydus,
994 2940 1114 3021 saepius
1137 2937 1337 3021 deprehendi,

231 3069 298 3118 tum
313 3059 435 3118 omnirto
451 3065 544 3114 tracta
558 3057 656 3135 magis
670 3064 715 3114 est
730 3066 759 3114 et
772 3055 869 3117 fluens
884 3059 995 3118 oratio:
1017 3068 1087 3118 sunt
1107 3059 1246 3118 circuitus
1264 3077 1337 3118 rer-

231 3179 341 3240 lrorum
352 3179 521 3257 longiores,
542 3184 592 3253 ut,
614 3175 667 3234 ubi
683 3178 862 3237 constitisset
877 3176 915 3236 de
929 3187 1030 3237 mente
1043 3179 1242 3258 interposui,
1262 3177 1338 3258 sup-

232 3296 317 3379 plere
340 3298 594 3356 continuationem
614 3305 708 3355 totam
723 3298 865 3357 orationis
877 3296 928 3356 vel
940 3317 1028 3378 posse
1042 3297 1091 3356 rel
1104 3293 1213 3356 audere
1227 3313 1338 3376 coepe-

233 3416 301 3474 rim.
343 3415 376 3474 in
401 3414 478 3474 libro
501 3415 548 3474 lle
567 3415 721 3476 mensibus
742 3417 837 3477 oratic
857 3427 903 3477 est
927 3427 956 3477 ct
973 3419 1104 3498 pressior
1118 3415 1217 3476 etlita
1232 3415 1337 3477 multis

233 3535 399 3595 luminibus
421 3531 573 3597 doctrinae
596 3535 704 3618 (prout
724 3535 803 3620 Lydi
821 3537 948 3598 facultas
969 3535 1123 3617 ferebat),
1145 3539 1236 3619 plena
1252 3555 1338 3597 com-

232 3655 500 3716 memorationibus
529 3665 702 3732 auctorum,
734 3663 766 3715 et
785 3653 927 3737 proinde,
958 3658 1054 3717 sicubi
1076 3657 1192 3718 laborat
1211 3657 1335 3734 lacrmis,

96 3803 127 3860 p.
144 3793 219 3840 xsru
237 3771 369 3834 difficilis
394 3773 435 3833 ad
456 3771 684 3835 restituendum.
725 3775 759 3833 iu
780 3773 968 3837 redundante
990 3780 1072 3838 euim
1087 3797 1122 3837 ac
1136 3777 1275 3838 subinani
1288 3777 1337 3836 lo-

235 3890 351 3977 quendi
371 3891 482 3972 figura,
504 3895 531 3953 si
552 3894 590 3954 ob
613 3910 717 3954 casmn
736 3893 870 3975 aliquem
883 3892 1069 3956 desideratur
1080 3896 1266 3972 membrum,
1289 3895 1339 3956 af-

234 4011 309 4094 fingi
322 4011 355 4072 id
367 4020 467 4093 potest
479 4011 521 4071 ita
536 4023 570 4072 ut
582 4013 745 4094 probabilis
760 4024 790 4073 et
805 4035 898 4097 prope
910 4033 981 4077 sera
997 4018 1144 4076 restitutio
1155 4035 1220 4076 esse
1233 4013 1339 4076 ridea-

235 4141 296 4192 tur.
338 4142 441 4192 conns
452 4133 485 4192 in
499 4151 607 4213 genere
624 4131 744 4194 dicendi
760 4133 869 4194 referto
884 4136 989 4212 rebm,
1006 4135 1055 4196 fac
1068 4137 1270 4195 namtionem
1284 4135 1337 4211 rei,

235 4251 358 4313 titulum
372 4251 459 4332 libri,
480 4271 592 4314 nomen
607 4253 796 4316 solennitatis
814 4253 1020 4336 intercid1u05
1041 4275 1103 4317 uou
1120 4275 1162 4317 ex
1176 4255 1237 4316 elio
1254 4251 1337 4315 ccdi-
