2934 4868
288 357 334 408 xc
580 329 690 402 Hastl
714 329 773 400 DE
796 325 955 398 lomina
979 325 1099 398 two

290 555 410 602 menses
425 553 518 618 quesn
532 542 597 595 erat
609 533 742 594 Gmeoaa
761 525 920 590 cathedrae
939 529 972 591 la
986 526 1122 609 Gollsqio
1136 527 1284 588 ‘munuc
1299 543 1412 606 prae-

289 641 403 716 lectus,
430 643 547 700 virente
566 639 724 696 etiamtum
744 641 841 693 aetate
859 631 1015 711 repentino
1035 647 1195 710 oppressus
1209 629 1320 690 morbo
1338 639 1409 690 est.

290 743 376 802 cuius
393 742 501 822 optimi
513 739 753 818 sanctissimique
765 735 822 795 viri
839 735 1000 799 immatmo
1020 734 1104 795 obitu
1119 741 1265 814 quautam
1284 733 1408 794 «tetus

290 841 392 904 ubstra
419 845 453 902 iu
478 842 572 902 literis
599 843 746 903 iacturam
772 837 891 910 lecerit,
927 837 1047 896 tametsi
1071 832 1210 896 homines
1230 833 1406 896 historicos

291 963 407 1022 omnes,
429 945 535 1005 ubiubi
549 945 619 1020 sint,
641 943 811 1021 intelligere
828 939 963 1013 arbitror,
985 948 1087 998 mmm
1102 957 1170 1018 ago,
1192 936 1275 1020 qnod
1288 939 1405 1018 ipsum

290 1048 371 1124 nori,
394 1044 475 1130 quod
487 1044 612 1106 domum
626 1045 690 1104 eina
704 1043 904 1126 frequentari,
919 1037 1001 1121 qnod
1013 1059 1068 1120 per
1082 1039 1199 1121 aliqum
1210 1059 1306 1102 annos
1317 1059 1404 1100 oon-

290 1151 390 1211 tiuuos
411 1167 586 1210 sermonum
609 1145 745 1222 auditor,
777 1144 1063 1206 oommentatioamn
1078 1145 1185 1220 tastis,
1220 1142 1403 1204 studiorum

289 1253 414 1310 mirator
428 1253 549 1327 exstiti,
579 1251 677 1311 acrius
693 1249 780 1329 potati
796 1248 924 1310 fortasse
946 1265 1039 1327 quam
1058 1247 1197 1329 plerique
1210 1247 1402 1327 perspicere.

142 1375 171 1430 p.
190 1371 273 1412 astu
290 1354 378 1413 mitto
391 1351 549 1414 hominem
563 1353 669 1432 lingue
684 1352 814 1429 (iresca,
844 1360 879 1410 ut
893 1349 997 1410 nullus
1012 1367 1163 1430 unquam,
1192 1350 1323 1411 lectione
1339 1351 1400 1410 isa-

289 1465 454 1530 struotnm;
489 1457 577 1516 mitto
600 1455 747 1516 librorum
768 1451 990 1532 cognitionem,
1026 1452 1114 1512 mitto
1138 1453 1398 1531 inscriptionum:

290 1559 359 1640 quis
380 1556 476 1617 literis
492 1557 606 1618 Italicis
618 1551 784 1616 eruditiori
815 1554 884 1636 quis
903 1554 937 1612 in
957 1551 1173 1614 consuetudins
1196 1553 1328 1632 dulcior,
1358 1556 1398 1614 in

291 1657 427 1720 docendo
444 1657 613 1740 copiosiori
655 1659 802 1720 memoria
816 1675 888 1716 vero
902 1665 986 1716 tauta
1003 1666 1067 1716 arat
1079 1665 1111 1716 at
1122 1657 1282 1718 verborum
1297 1668 1329 1718 st
1342 1677 1399 1716 ra-

290 1778 369 1838 nna,
391 1771 425 1822 ut
439 1763 540 1822 omnia
557 1779 636 1842 quaa
649 1777 786 1843 uuquam
799 1760 916 1838 legerat
930 1759 1128 1820 merainisset.
1149 1769 1239 1841 atque
1254 1757 1308 1820 bio
1320 1761 1397 1822 talis

289 1865 337 1926 v1r
358 1859 494 1924 discessit
509 1883 527 1922 a
543 1863 647 1938 nobis,
679 1864 781 1922 auimo
803 1863 967 1922 etiamtunc
986 1861 1196 1940 vegetissimo,
1224 1879 1320 1924 annos
1334 1863 1396 1922 vix

288 1975 378 2025 natus
391 1965 448 2040 553
479 1965 713 2046 necquicquam
733 1983 774 2023 ex
796 1965 916 2043 magnis
935 1965 1074 2043 operibus
1091 1983 1168 2046 quae
1183 1983 1303 2026 summo
1321 1983 1395 2024 cnm

288 2066 391 2126 labore
406 2077 437 2125 et
448 2063 605 2145 diligentia
618 2063 825 2139 inchoaverat,
847 2084 986 2148 quaeque
1002 2069 1096 2127 ritem
1111 2069 1159 2128 illi
1175 2065 1267 2126 dnbio
1283 2067 1395 2147 procul

289 2177 462 2246 reparatura
478 2177 577 2243 arant,
602 2169 708 2248 spatiis
721 2168 862 2226 exclusus
875 2169 988 2250 iniquis
1001 2171 1171 2252 relinquere
1185 2172 1284 2249 potnit
1298 2171 1394 2230 abso-

287 2269 404 2342 lutum3
433 2267 582 2330 desiderio
602 2279 704 2330 antam
723 2267 892 2328 incredibili
908 2269 1009 2330 affecit
1023 2291 1093 2332 cum
1105 2275 1290 2333 necessarios
1308 2291 1391 2348 auos,

288 2369 429 2432 bominac
449 2391 600 2450 summos,
621 2382 688 2432 tum
707 2390 757 2431 me
773 2372 889 2452 ipsum,
909 2375 957 2434 oui
977 2374 1045 2434 loco
1064 2377 1158 2454 patris
1181 2394 1302 2456 semper
1320 2375 1391 2434 fuit.

288 2483 381 2554 atque
397 2470 436 2533 ds
453 2475 524 2552 illo,
554 2477 699 2558 quoniam
716 2495 772 2556 pro
794 2475 1024 2555 incomparabili
1038 2477 1103 2537 eius
1123 2495 1194 2556 erga
1210 2497 1261 2536 me
1276 2478 1391 2556 pietate

287 2577 371 2656 paria
392 2579 562 2656 persolvere
581 2597 718 2662 nequeo,
748 2576 831 2661 quod
843 2599 939 2639 unum
952 2579 1056 2660 potui,
1084 2575 1160 2638 baec
1173 2597 1242 2637 carm
1254 2579 1390 2638 lacrimis

288 2680 405 2758 scnpsi.

232 2786 275 2849 81
372 2781 427 2842 Vir
438 2790 539 2840 autam
552 2781 679 2842 illustris
692 2779 731 2842 de
744 2779 905 2859 Ghoisenl,
936 2778 1082 2866 adquam
1095 2781 1223 2844 redierat
1238 2778 1318 2863 Lydi
1333 2799 1389 2842 oo-

289 2879 360 2958 dex,
382 2880 547 2942 editionem
559 2903 685 2964 operum
699 2887 763 2946 eius
776 2883 854 2944 mihi
870 2894 942 2946 tunc
957 2886 1077 2948 volebat
1092 2887 1289 2946 committere.
1328 2901 1388 2942 ne-

289 3005 350 3068 qua
372 2983 494 3046 hercule
513 2998 577 3048 erat
596 3005 633 3046 ea
653 2989 808 3068 pruvincia
826 2987 925 3048 aliena
945 3007 965 3047 a
983 2990 1149 3049 rationibus
1164 2988 1257 3062 msis3
1276 3003 1386 3066 nsque,

288 3091 317 3150 si
328 3091 380 3151 rel
394 3091 531 3150 maxime
542 3089 666 3165 ficisset,
696 3108 896 3167 recusassem,
922 3110 1033 3172 nempe
1052 3110 1093 3150 ne
1113 3089 1226 3150 diutius
1243 3089 1386 3168 scriptore

17 3261 18 3264 Ἴ
288 3189 406 3252 erudito
423 3201 542 3252 nostras
560 3190 666 3252 literae
685 3203 831 3252 emerent.
879 3191 935 3254 sed
949 3191 1058 3254 accidit
1074 3212 1111 3254 eo
1126 3194 1386 3274 ipeotemporant

141 3305 167 3356 p.
178 3301 272 3344 ΝΗ]
289 3309 308 3352 a
326 3293 487 3371 praefectis
507 3292 707 3356 bibliothecae
729 3295 897 3374 imperialis
916 3294 1052 3357 custodia
1065 3297 1248 3356 (inacus-um
1261 3293 1385 3354 bstine-

17 3389 19 3396 '
287 3411 417 3475 rumque
441 3392 580 3456 codicum
598 3394 676 3458 mibi
696 3395 901 3459 mandaretur.
942 3398 1027 3480 quod
1054 3397 1187 3460 officinm
1208 3397 1385 3476 utprimnm

288 3498 389 3574 muni,
419 3516 525 3559 omnes
543 3517 630 3561 curas
650 3501 847 3580 cogitationes
864 3497 965 3562 studia
986 3499 1028 3562 sd
1045 3519 1141 3562 onam
1161 3517 1299 3560 revocare
1319 3517 1384 3558 ram

288 3599 435 3678 oportuit,
457 3598 657 3683 codicemque
672 3601 857 3664 Graecorum
873 3606 1010 3672 omnium
1023 3603 1172 3686 proximis
1185 3601 1383 3682 anparion'bos

287 3702 377 3762 annis
395 3721 438 3762 ex
458 3707 549 3766 variis
567 3705 674 3766 ltaliae
695 3703 815 3786 oppidis
836 3725 914 3790 aqua
933 3707 1008 3768 urba
1028 3708 1096 3788 ipsa
1119 3707 1153 3765 ia
1172 3702 1383 3766 bibliothecam

288 3817 501 3886 congestos-mn
521 3811 691 3869 notationes
713 3807 875 3886 conficere,
903 3829 966 3870 non
987 3828 1066 3894 quaa
1085 3808 1210 3870 nomina
1233 3817 1382 3866 anctorum

287 3909 452 3990 titulosque
471 3929 596 3990 operum
615 3910 713 3972 nudos
726 3907 888 3989 baberent,
919 3911 975 3974 sed
995 3930 1075 3996 quae
1097 3921 1228 3970 aetatem
1247 3909 1381 3970 virtutem

287 4022 467 4091 argumenta
486 4009 623 4072 codicum
645 4025 782 4076 accurata
803 4013 988 4092 indicarent,
1018 4024 1054 4076 ut
1074 4009 1220 4096 quioquid
1242 4010 1380 4089 cuiusque

286 4116 418 4174 rumoris
439 4111 548 4173 inediti
567 4111 678 4175 editive
697 4117 732 4176 in
750 4119 879 4200 siugulis
901 4118 984 4178 foliis
1007 4119 1281 4195 manuscriptorum
1298 4120 1380 4186 asset,

285 4233 348 4277 uno
368 4225 492 4296 aspectu
512 4228 752 4296 cognosceretur.
802 4223 845 4282 ita
865 4220 1000 4280 invelavi
1020 4219 1055 4278 in
1077 4216 1157 4279 bana
1182 4234 1304 4296 operam
1324 4231 1380 4272 non

284 4317 379 4383 nodo
398 4322 483 4383 iussu
504 4319 725 4402 praefectorum
745 4319 962 4401 bibliothecae,
1002 4319 1057 4383 ssd
1078 4323 1195 4401 mpetu
1215 4319 1305 4378 euna
1325 4317 1381 4376 acri
