2934 4868
471 331 820 406 committimus.
1110 354 1201 407 nnn

78 542 246 604 ehsunurn
262 555 340 600 non
361 555 432 598 essa
451 553 492 596 ex
505 546 661 598 suetorurn
674 537 871 616 testimoniis,
896 557 937 599 ex
951 537 1070 616 nuruis,
1096 559 1138 600 ex
1148 540 1201 600 in·

80 642 326 724 scriptionibus,
372 661 391 700 e
416 640 599 700 membranis
624 643 803 720 pervetustis
822 643 1101 704 innumerabilibus.
1143 663 1201 726 ego

83 756 166 806 nerto
177 745 312 804 nullum
325 739 394 804 virli
408 741 557 802 Graecum
571 739 719 818 eodioem,
750 763 819 802 eum
834 745 946 804 multos
966 747 1118 806 tractarim
1131 767 1201 808 aos-

84 867 148 930 qne
161 848 352 907 veterrimos
368 845 558 904 saeeulounn
575 845 595 909 6
611 854 641 903 et
653 847 685 920 7,
708 845 781 926 quin
794 847 838 905 ihi
852 845 1036 908 offenderem
1052 848 1200 930 quosdam

87 951 261 1010 inclames.
306 957 354 1008 tot
375 957 477 1006 autern
497 955 570 1028 quot
589 945 625 1006 in
647 942 750 1004 codiee
773 948 947 1026 Gaseolino,
979 952 1013 1010 in
1031 953 1117 1012 nullo
1134 971 1204 1011 rne-

86 1054 186 1128 rnini,
218 1048 316 1110 lurius
329 1059 412 1110 uerte
425 1049 544 1108 aetatis.
586 1064 659 1106 uern
673 1045 970 1112 eonfundrmrurnon
987 1053 1078 1115 modo
1095 1065 1150 1118 ret
1165 1077 1202 1134 ει,

90 1164 201 1234 retq,
231 1162 361 1232 petes,
389 1152 593 1232 itemfletv,
615 1158 737 1225 retes,
759 1160 875 1227 oetas,
897 1163 1021 1232 velot,
1043 1167 1203 1238 quaesunt

89 1253 212 1316 nenda
226 1255 385 1334 vulgario:
406 1250 464 1312 sed
474 1251 627 1313 interdurn
638 1251 739 1326 etiarn,
756 1249 839 1333 quod
852 1256 950 1314 rarius
962 1255 1026 1316 vidi
1041 1259 1073 1316 in
1091 1259 1205 1320 oodioi-

92 1358 154 1418 bus
170 1367 246 1416 ante
258 1368 398 1439 ternpore
406 1356 621 1429 comunione,
636 1375 657 1416 o
673 1363 763 1434 etque
775 1376 805 1416 os
819 1373 888 1414 erun
902 1380 913 1418 r
929 1379 956 1419 rr
969 1367 1059 1440 etque
1074 1379 1113 1440 ηε
1129 1363 1203 1439 imo,

94 1459 182 1542 quod
193 1461 387 1522 rarissimum
399 1461 491 1522 estin
507 1455 661 1520 oodiuhur
674 1457 835 1519 ouiuslihat
847 1461 966 1538 rurus,
989 1479 1009 1524 o
1023 1471 1054 1521 et
1068 1467 1109 1540 θ,
1130 1464 1206 1522 item

96 1585 137 1628 uu
148 1573 183 1624 et
194 1585 234 1628 re·

186 1665 331 1726 Alterum
349 1683 445 1746 genui
469 1685 605 1729 errorum
626 1686 690 1728 non
708 1673 773 1726 tem
793 1675 840 1726 est
862 1683 903 1727 ex
920 1669 1164 1747 pronuntiatione
1176 1677 1207 1730 et
1218 1637 1355 1763 &mm

99 1769 303 1848 incogitantia
319 1787 414 1850 quem
427 1789 468 1828 ex
478 1771 598 1830 inscitia
612 1769 727 1829 sorihae
738 1779 861 1843 naturn3
889 1787 967 1850 quae
986 1781 1098 1852 quante
1115 1773 1208 1833 l‘uerit

100 1869 176 1930 inde
200 1879 301 1950 potest
320 1873 479 1950 eognosei,
506 1871 589 1954 quod
609 1873 757 1952 genitivos
776 1872 922 1951 plurimos
941 1891 1011 1932 eum
1031 1877 1207 1936 accusativis

104 1970 256 2048 ounfurlit,
266 1973 451 2034 aooueetivos
460 1976 739 2052 oumnominetivis,
751 1973 893 2058 quodque
907 1978 1030 2035 omnino
1039 1977 1072 2034 in
1087 1977 1209 2037 eleusu-

104 2076 143 2135 lis
153 2077 453 2158 ossibusquevoeurn
460 2096 581 2156 prorsus
592 2078 678 2137 iacet.
700 2081 864 2138 neominus
876 2079 908 2136 in
923 2076 1208 2158 reduphoetionihus

105 2185 322 2262 pertentor-nm,
333 2181 367 2238 in
379 2177 552 2240 nominibus
563 2179 702 2259 propriis,
715 2182 748 2238 in
760 2181 1056 2262 vocabulisrrliquis‚
1070 2184 1103 2240 in
1111 2183 1208 2263 apioi-

108 2285 176 2360 bns,
187 2288 222 2344 in
234 2285 408 2364 spiririhur3
425 2276 507 2364 qnod
516 2299 607 2339 voees
615 2283 716 2341 omisit
723 2282 879 2364 lineasque
888 2285 1019 2364 integras
1028 2283 1102 2358 (vid.
1110 2287 1209 2346 varin

107 2386 255 2447 lectiones
267 2388 368 2446 textui
383 2381 457 2444 adit.
468 2380 643 2464 subieetaa),
667 2393 703 2446 ut
719 2387 911 2468 perspicuum
922 2389 961 2447 sit
974 2406 1073 2469 neque
1090 2389 1211 2467 regulas

112 2491 325 2568 grammaticae
335 2487 428 2568 probe
439 2491 571 2548 tenuisse
584 2508 665 2564 eum,
685 2507 786 2569 neque
801 2486 874 2568 quid
885 2500 1021 2548 exoraret
1033 2491 1210 2570 somperht-

112 2593 278 2652 tellrxirsa.
319 2589 441 2650 tametsi
448 2589 594 2668 bedleem,
608 2589 690 2650 unda
698 2609 788 2650 suum
796 2589 927 2667 duxerit,
941 2603 1213 2671 magnaevetuste-

115 2695 152 2753 tis
166 2696 303 2775 ruspioor
314 2692 427 2768 luisse,
456 2693 570 2752 soeculi
589 2694 717 2754 leuasse
731 2698 752 2760 7
768 2695 923 2784 literisque
942 2691 1010 2752 ideo
1025 2694 1213 2754 maiusculis.

114 2815 189 2854 narn
207 2799 308 2876 primo
326 2817 346 2859 v
365 2791 578 2874 ipalsvorrsir
596 2797 702 2856 multis
722 2796 846 2856 vooihus
867 2793 1027 2856 adhibetur
1048 2796 1139 2855 etiarn
1162 2815 1214 2856 se-

115 2901 221 2980 quenti
228 2906 422 2959 romonanre.
441 2915 505 2958 non
515 2917 566 2956 me
574 2899 716 2976 praeterit
725 2899 854 2958 inveniri
866 2896 900 2957 id
912 2902 943 2956 in
954 2897 1104 2960 oodieihus
1114 2901 1214 2960 omnis

117 3003 220 3062 aetatis
240 3002 322 3060 hene
341 2999 456 3060 multis.
500 2997 678 3079 oelligraplri
699 3011 800 3060 temen
820 3001 941 3070 raeouli
960 2998 1070 3059 deeimi
1094 3003 1128 3058 in
1155 2998 1214 3059 hae

118 3101 240 3184 puidam
259 3123 292 3162 re
314 3103 522 3182 gremmstioss
541 3099 706 3161 hodiernae
726 3102 810 3181 leger
829 3103 893 3160 iam
905 3099 1067 3162 studiosius
1079 3110 1150 3160 sunt
1162 3120 1215 3161 se-

119 3205 195 3264 cuti:
222 3215 327 3264 noster·
346 3207 502 3287 antiquom
521 3223 643 3285 prorsus
657 3205 755 3262 tenuit
769 3201 920 3264 scribendi
934 3205 1033 3278 viam,
1061 3221 1122 3286 qua
1137 3202 1217 3264 illuri

118 3331 138 3371 s
156 3308 256 3368 verbis
276 3309 369 3368 etiem
385 3327 447 3366 non
467 3305 622 3368 hiantibus
641 3307 841 3387 interponitur
859 3323 899 3366 ex
913 3305 1001 3366 certis
1018 3307 1216 3389 orator-iisque

117 3413 284 3491 praereptis
305 3407 355 3477 erl
367 3408 613 3491 emplihoentlum
633 3408 905 3493 eomplendumque
924 3410 1006 3470 vocis
1022 3427 1141 3470 sonum.
1183 3405 1218 3468 id

120 3515 225 3592 opinor
246 3531 317 3573 euru
335 3530 399 3571 non
417 3523 531 3574 temere
552 3513 607 3575 red
629 3514 670 3575 ad
692 3514 868 3592 exemplum
891 3512 938 3572 sui
963 3511 1074 3572 eodieis
1095 3511 1214 3573 fecisse.
1230 3533 1259 3590 p.
1276 3527 1365 3572 nrxrv

122 3611 228 3674 deinde
244 3634 334 3675 voees
347 3616 489 3693 Latinas,
516 3617 544 3676 ai
560 3635 638 3700 ques
653 3626 825 3691 oeeurrunt,
847 3615 942 3674 literis
954 3614 1129 3673 maiusculis
1142 3616 1219 3675 sori-

121 3717 190 3795 psit.
232 3713 314 3776 uude
333 3720 458 3780 coniicio
475 3720 508 3778 in
525 3721 691 3802 antiquiore
703 3719 758 3779 illo
773 3718 886 3776 Greeoa
907 3733 1027 3796 quoque
1040 3716 1134 3776 fuisse
1149 3737 1219 3779 ma-

122 3818 252 3878 iusculis.
316 3817 372 3880 sed
395 3840 451 3901 pro
474 3823 596 3881 Graecis
618 3821 792 3881 maiusculis
815 3815 1017 3898 calligraphus
1042 3822 1219 3902 scripturam
1305 3844 1308 3853 ·

122 3917 245 3999 ligatam
255 3921 304 3981 rui
317 3925 432 3983 seeouli
443 3923 615 3984 substituit:
635 3944 691 4005 pro
706 3925 823 3984 Latinis
837 3941 899 3981 nou
911 3923 994 3997 item,
1011 3920 1221 4003 quodneseie·

123 4021 173 4082 bat
184 4027 363 4103 scripturum
375 4026 501 4105 ligatam
513 4028 672 4103 Latinam3
703 4045 797 4109 quare
810 4027 912 4086 literes
927 4026 1060 4103 herines,
1083 4045 1142 4108 qur
1155 4029 1221 4088 for-

126 4143 174 4184 ma
187 4138 270 4188 erant
287 4129 322 4187 in
336 4131 461 4208 antiqno
476 4125 593 4205 eodioe,
627 4125 734 4187 eadem
749 4131 899 4209 expressit
914 4132 946 4189 in
959 4147 1025 4189 ruo.
1067 4139 1220 4208 postremo

127 4230 216 4290 multe
230 4241 301 4292 suut
315 4231 381 4290 eius
393 4227 520 4306 menda,
542 4247 620 4312 quoe
632 4229 750 4290 facilius
766 4229 980 4306 edrnittuutur,
1002 4231 1029 4289 si
1042 4228 1137 4290 hahes
1150 4241 1221 4290 ante

126 4333 222 4398 orator
243 4333 382 4397 oodioern
401 4331 586 4393 meiusoulae
605 4333 769 4414 scripturus
789 4353 882 4418 quarn
902 4335 930 4394 ri
943 4333 1064 4412 ligatae.
1106 4333 1162 4394 tol.
1179 4334 1218 4398 tt
