2934 4868
285 349 346 402 nst
628 322 743 394 uisu
763 321 822 394 DE
840 319 1051 395 usmis

287 549 399 616 genere
414 529 571 590 literarum
587 525 770 586 Gmaosmm
787 533 854 584 tum
871 543 942 585 vero
956 525 988 583 iu
1001 517 1237 606 palaeograpbia
1257 525 1415 606 apprime

288 650 438 726 eruditus,
467 646 594 708 d’Ansse
617 643 656 706 de
676 646 841 722 Villolson,
873 663 942 704 oum
961 645 1104 705 scriberet
1122 644 1346 724 Prolegomena
1363 643 1415 704 ad

290 769 379 836 llisd.
393 790 425 853 p.
438 787 514 830 xm
528 765 662 826 oodioem
676 765 867 826 caseollnum
883 765 953 824 vino
973 765 1016 824 its
1035 774 1208 844 oorruptum
1227 783 1292 825 esse
1307 777 1351 828 ut
1361 765 1415 824 li-

291 902 425 954 terarum
444 887 551 948 duetus
567 887 621 946 vix
635 887 756 967 agnosci
771 887 909 968 quirent,
931 902 1061 964 eumque
1073 885 1106 942 ln
1121 883 1197 942 oella
1210 885 1327 942 vinario
1342 903 1413 964 po-

291 1011 353 1072 tius
370 1027 462 1092 quam
478 1008 512 1066 in
526 1003 707 1066 bibliotheca
720 1015 904 1066 asservatum
918 1023 983 1065 esse
996 1001 1105 1061 videri.
1147 1004 1254 1083 etipse
1268 1003 1412 1063 arbitra-

291 1128 348 1190 bar
366 1127 454 1202 olim,
476 1127 596 1185 intuens
621 1127 733 1205 primas
751 1125 903 1204 pagellas,
925 1142 1028 1182 esrum
1041 1123 1133 1183 rerba
1146 1123 1248 1180 omnis
1266 1123 1299 1180 iu
1315 1123 1411 1182 iute-

292 1265 382 1328 grum
394 1247 550 1306 restituere
564 1243 630 1325 opis
645 1262 706 1303 nou
719 1262 785 1304 esse
796 1252 926 1302 nostrae.
970 1240 1024 1303 sed
1046 1243 1098 1322 (ut
1111 1241 1164 1322 fit)
1185 1243 1251 1322 ipsa
1264 1237 1412 1302 dllficsrl-

291 1374 339 1427 tas
351 1361 530 1424 inuendebat
543 1359 583 1422 ed
595 1358 784 1422 tentandum.
827 1362 870 1420 its
883 1361 966 1420 loliis
987 1361 1043 1443 (ut
1054 1381 1079 1420 o.
1092 1364 1112 1427 8
1128 1357 1320 1451 dictumest)
1342 1381 1410 1422 suo

292 1481 400 1548 ordine
432 1481 601 1557 oollooatis,
631 1481 729 1561 primo
755 1500 832 1565 quae
859 1482 923 1562 legi
948 1490 1086 1562 poterant
1110 1477 1255 1560 desorlpsi
1278 1491 1410 1542 cuncte.

295 1600 406 1664 delude
428 1620 469 1662 ex
491 1598 540 1661 his
561 1601 820 1683 qualibuscunque
846 1601 981 1684 reliquiis
996 1599 1176 1660 sententiam
1191 1600 1326 1681 aliquam
1340 1619 1410 1660 ex-

293 1722 419 1804 plorari,
440 1723 596 1782 restituere
617 1721 725 1797 rerba,
746 1719 870 1779 lacunas
887 1719 1025 1798 ingentes
1038 1719 1161 1799 explere
1179 1729 1303 1778 oonatus
1318 1737 1408 1798 sum,

293 1843 386 1924 spatii
405 1843 597 1900 exactissima
617 1841 732 1900 ratione
751 1836 864 1896 habita.
909 1856 970 1920 qua
988 1835 1096 1898 eadem
1113 1841 1228 1898 ratione
1251 1837 1407 1922 (opinor)

294 1958 329 2020 in
346 1957 484 2042 legendis
504 1970 770 2018 monumentorum
786 1966 923 2015 veterum
937 1957 1197 2038 inscriptionibus,
1219 1961 1352 2041 itemque
1367 1961 1408 2020 iu

294 2075 487 2139 restituendis
500 2079 586 2139 libris
597 2075 885 2153 Herculaneusibus,
907 2086 952 2136 est
964 2074 1120 2136 utendum.
1163 2079 1283 2138 tametsi
1304 2076 1408 2158 (bueo

295 2206 400 2258 oontra
412 2198 539 2278 meipso
554 2195 639 2258 dieo:
661 2198 773 2280 quippe
787 2205 929 2280 quantum
942 2193 1126 2256 difficultatis
1141 2195 1254 2258 aooedit
1266 2198 1406 2278 lectioni,

178 2334 208 2392 p·
224 2329 281 2374 rm
299 2325 419 2378 tantum
441 2317 645 2398 probabilitati
666 2317 888 2377 restitutionum
912 2289 1050 2377 meorum
1074 2314 1210 2400 adeoque
1234 2319 1408 2379 auctoritati

297 2435 438 2499 editionis
454 2431 641 2518 detrahitur)
662 2437 695 2496 ln
712 2437 875 2497 Herculani
889 2437 1093 2496 voluminibus
1108 2437 1264 2519 titulisque
1279 2437 1407 2517 lapida-

296 2559 351 2620 rtis
373 2554 512 2638 legendis
532 2557 651 2634 minus,
668 2559 730 2616 nisi
751 2553 826 2639 quid
843 2575 893 2615 me
907 2557 1002 2632 fallit,
1025 2575 1167 2636 operosus
1181 2557 1338 2638 lusnisque
1349 2559 1407 2618 la-

297 2675 355 2740 bor
368 2687 424 2739 est.
465 2677 515 2736 fao
528 2679 685 2737 evanuisse
700 2676 815 2758 aliquot
829 2677 962 2736 unciales
976 2676 1094 2736 literne:
1117 2695 1186 2734 oum
1199 2677 1259 2734 siut
1272 2677 1351 2735 inter
1366 2697 1405 2738 se

297 2797 441 2879 esquales
453 2815 549 2878 poene
562 2816 669 2858 omnes
681 2793 905 2875 magnitudine,
927 2815 969 2856 ex
981 2795 1083 2855 areola
1097 2813 1207 2872 renus,
1232 2813 1292 2875 qua
1305 2807 1405 2877 patet,

212 2975 215 2980 .
300 2911 339 2976 de
360 2913 556 2976 evanidas-um
575 2937 703 2978 numero
725 2917 894 2976 oonieotnra
911 2934 1005 2997 prope
1025 2925 1104 2974 oerta
1125 2912 1194 2974 duoi
1214 2925 1323 2994 potest.
1367 2919 1406 2978 iu

297 3044 401 3096 nostro
425 3034 543 3114 oudino,
565 3034 605 3097 ad
625 3037 762 3118 regulam
783 3045 813 3096 et
832 3037 947 3096 lineam
965 3033 1104 3116 quamvis
1120 3044 1273 3115 perorato,
1295 3054 1405 3100 versus

298 3153 426 3240 quidem
446 3157 511 3216 sire
533 3157 632 3220 lineae
652 3159 686 3218 ln
700 3157 830 3238 pagellis
846 3157 974 3236 singulls
988 3173 1141 3237 nusquam
1157 3157 1313 3234 pauciores
1329 3169 1406 3218 sunt

300 3291 395 3356 quam
412 3278 454 3338 30
469 3283 522 3335 aut
537 3279 640 3358 plures
657 3297 751 3360 quam
768 3281 826 3342 82:
848 3275 902 3336 sed
914 3277 1069 3336 literarum
1085 3294 1228 3336 numerus
1247 3277 1279 3334 ln
1295 3277 1406 3356 siugu-

299 3391 339 3454 tir
353 3393 489 3455 versibus
504 3391 604 3455 differt
614 3397 796 3476 plurimum,
817 3415 879 3456 nou
894 3397 996 3456 miuus
1013 3406 1092 3456 oerte
1106 3415 1200 3478 quam
1217 3396 1250 3456 in
1266 3391 1333 3454 ood.
1350 3417 1406 3456 re-

299 3511 410 3593 soripto
424 3511 625 3574 bibliothecae
640 3517 811 3596 capitularis
825 3517 1019 3592 Veronensis,
1041 3526 1169 3576 tentante
1185 3517 1249 3575 viro
1265 3535 1403 3576 summus

300 3627 476 3712 diligentiae
489 3631 725 3718 eruditionisque
739 3637 911 3717 singularis,
926 3633 1077 3696 Friderioo
1092 3633 1260 3711 Goesobeu,
1273 3635 1404 3716 praelat.

301 3747 343 3808 ad
356 3752 425 3810 Gaii
437 3754 577 3814 institutt.
590 3776 623 3836 p.
637 3773 726 3816 mr.
769 3757 803 3815 in
815 3757 967 3842 plerisque
982 3767 1086 3818 tamen
1102 3757 1238 3818 versibus
1253 3753 1405 3816 habentur

301 3869 407 3931 literae
421 3872 631 3956 quadragenae
645 3886 769 3936 ootonae
786 3886 839 3937 eut
852 3879 1102 3961 quinquagenae:
1124 3874 1179 3940 sed
1194 3898 1249 3938 eae
1263 3887 1294 3936 et
1307 3878 1405 3938 rursi-

300 4008 358 4052 rae
374 3993 439 4052 lere
453 4003 533 4071 sunt,
556 4005 587 4054 et
599 4015 689 4078 ssepe
701 3999 736 4056 ln
748 3997 807 4057 fine
823 4017 965 4059 versuum
976 3998 1067 4079 paulo
1079 4001 1252 4079 pressiores,
1274 4007 1305 4056 et
1318 4017 1403 4058 oom-

302 4110 414 4194 prndio
431 4111 582 4176 soribendi
596 4135 657 4178 uno
673 4125 704 4177 et
716 4117 811 4180 altero
823 4119 1020 4180 intermistae.
1062 4129 1205 4180 exaratur
1218 4115 1325 4180 sedern
1337 4120 1404 4199 ipse

302 4249 366 4294 vox
382 4251 465 4296 nuno
478 4235 542 4298 suis
558 4235 654 4300 literis
670 4257 752 4298 nuno
767 4239 857 4320 siglo.
898 4241 949 4300 rel
963 4240 997 4300 in
1013 4241 1124 4300 laeuus
1139 4240 1235 4302 trium
1250 4241 1404 4302 literarum
