3054 4872
328 347 386 416 uu
404 347 743 420 usulsrlurmus
762 351 797 418 P.
814 351 855 420 R.
882 349 960 420 LlB.
981 352 1040 421 lu.
1151 352 1224 426 243

121 529 177 607 τῆς
191 519 299 611 ἀρχῆς.
350 527 412 588 τῶν
431 529 505 608 γοδν
524 524 683 590 δικανικῶν
701 515 839 610 ῥητόρων
858 522 932 600 τοδς
953 522 1096 611 ἀρίστους
1110 525 1157 590 fni
1170 526 1225 611 τὴν

121 625 220 712 ἀρχὴν
234 621 404 714 προόφερε,·
429 627 485 690 καί
498 649 569 692 ποτε
585 623 663 712 τιρδς
678 631 733 708 τῆς
749 631 882 710 γαμετῆς
898 625 1059 714 Ἀριάδνης
1077 627 1225 714 ὀχλούμε-

120 755 173 806 νος
187 728 340 817 Ἅνθεμίῳ
355 733 399 818 τῷ
415 726 575 811 Ἀνδεμίου
598 735 652 794 τοῦ
671 724 792 812 Ῥώμης
805 727 1057 811 βεβασιλευκότος
1070 735 1155 798 παιδὶ
1170 733 1225 816 τὴν

120 831 220 918 ἀρχὴν
234 833 395 919 ἐγχειρίσαι
409 828 627 918 ἠγανάκτησεν,
651 829 744 898 eruor
758 831 792 896 δὲ
802 830 932 914 μηδενός
947 829 967 916 ἢ
981 832 1084 916 μόνων
1097 841 1224 920 λογικῶν

96 934 211 1013 δάξίαν
227 934 301 1002 εἶναι
314 935 371 1020 τὴν
383 931 584 1020 ἓπαρχότητα.
635 931 718 1012 ὅπως
732 935 767 1000 δὲ
782 931 919 1022 ἠρυθρία
933 933 989 1017 τὴν
1005 932 1117 1022 ἀρχήν,
1145 936 1224 1022 γνιό-

120 1039 210 1106 σεταί
230 1065 276 1116 τις
296 1039 329 1104 ἓν
348 1034 468 1104 τοότον.
514 1033 642 1124 Ἑρμίας
656 1063 703 1114 τις
718 1047 781 1115 τοῖς
794 1037 922 1114 Λυδίας
937 1040 1135 1124 σκρινιαρίοις
1150 1064 1225 1106 συν-

119 1139 351 1228 αριθμοόμενος
364 1137 423 1204 ἀπὸ
436 1139 557 1222 μίμψιν
570 1139 687 1225 γίγονε,
718 1141 846 1227 Σεργίον
868 1145 923 1204 rori
941 1137 1008 1206 τότε
1024 1139 1080 1223 τὴν
1093 1140 1224 1228 ἀπαρχό-

118 1269 199 1328 τνγτα
214 1246 368 1320 διέποντος
380 1240 654 1327 ἀγανακτήσαντος.
705 1239 722 1309 δ
740 1246 774 1310 δι’
786 1241 931 1324 βασιλεὺς
944 1244 1021 1330 πρὸς
1033 1250 1087 1326 τῆς
1099 1239 1224 1328 Ἑρμίου

117 1346 239 1434 μητρὸς
254 1343 437 1429 όχλοάμεννς
459 1344 554 1424 πολιλς
572 1347 682 1432 ἐγίνετο
699 1345 752 1414 τδν
772 1343 911 1432 ὕπαρχον
926 1350 1111 1434 παρακαλῶν
1123 1371 1227 1432 παρα-

79 1461 111 1516 10
113 1459 231 1538 χωρεῖν
242 1447 369 1538 Ἑρμίᾳ·
400 1449 511 1526 δκεῖνος
545 1449 663 1537 ίμίχρι
678 1449 791 1527 παντὸς
809 1446 1009 1530 ἀνεβάλλετο,
1034 1451 1086 1514 καὶ
1101 1445 1117 1512 ὁ
1132 1454 1226 1532 βασι·
1265 1531 1267 1538 y

115 1553 189 1629 λεδς
204 1553 347 1629 ἀνεδίδου,
367 1548 423 1635 τήν
434 1577 465 1617 τε
480 1551 577 1638 ἀρχὴν
588 1551 644 1636 τήν
657 1577 689 1618 τε
707 1554 832 1638 Σεργίοα
848 1547 1018 1636 σεμνότητα
1030 1549 1226 1638 παρατηροό-
1257 1545 1262 1555 ’

113 1678 226 1738 μενος·
253 1653 356 1738 ἴσχυσε
371 1657 391 1719 δ
396 1655 406 1680 '
423 1652 506 1737 ὅμως
522 1649 598 1742 aiulo
614 1657 732 1724 δικαίου
747 1661 943 1741 παρακαλῶν.
982 1653 1083 1722 αάτῶν
1097 1646 1152 1720 οἶν
1162 1658 1225 1719 τῶν

114 1759 149 1824 ἀν
173 1753 256 1846 λόγῳ
276 1755 448 1840 ἀμοιβαδὸν
468 1756 523 1840 τὴν
549 1758 648 1844 ἀρχὴν
671 1756 989 1846 παραλαμβανόντων,
1014 1759 1225 1844 παραδίδωσιν

115 1860 151 1926 ἓν
170 1866 234 1926 τῶν
255 1862 421 1946 λεγομίνων
437 1859 677 1958 ᾼάγοασταλίων
695 1859 730 1926 oi
745 1856 881 1942 μάλιστα
899 1867 963 1937 τοῖς
983 1856 1083 1944 λόγοις
1103 1861 1223 1946 ἔνίπρε-

80 1979 110 2034 15
119 1988 178 2030 πον
183 2011 195 2042 ,
231 1965 283 2028 καλ
305 1963 368 2048 μὴν
387 1965 439 2027 καλ
458 1955 667 2050 ταχυγράφων
687 1971 751 2038 τοῖς
773 1958 977 2042 ἀκολοόδοις,
1011 1963 1150 2050 παριίναι
1171 1964 1223 2027 καλ

118 2065 229 2152 λόγους
249 2063 455 2152 παραδιδόναι
476 2067 527 2129 καλ
549 2063 712 2152 ἀκροάσεσι
737 2066 899 2148 δημοσίαις
922 2067 1148 2132 ἐπιδείκνυσθαι
1167 2065 1222 2150 τόν

119 2161 216 2234 οὖσαν
240 2168 343 2246 αότοῖς
363 2169 412 2234 tut
432 2177 497 2245 τοῖς
519 2164 619 2254 λόγοις
639 2165 849 2258 παρασκευήν,
880 2174 977 2255 γερῶν
998 2193 1030 2236 τε
1053 2167 1089 2236 οὗ
1104 2173 1222 2258 μικρῶν

117 2269 285 2358 τυγχάνειν.

224 2375 283 2444 51.
310 2377 449 2438 Τοιαῦτα
460 2371 516 2456 μίν
530 2397 598 2438 τινα
611 2369 679 2438 τότε
694 2367 868 2460 ἓπρόττετο,
894 2368 911 2438 ὃ
929 2373 963 2438 δὲ
975 2372 1120 2456 βασιλεὺς
1134 2369 1222 2459 froni-

80 2489 176 2564 Ἄλφα,
194 2477 418 2562 ταῖςΜαρίνου
434 2478 597 2562 περινοιάις
614 2481 751 2541 πλούτῶν
766 2479 817 2542 καί
831 2485 898 2552 ταῖς
913 2481 974 2540 τῶν
988 2471 1111 2540 δπάτων
1126 2475 1222 2561 τάφρ-

119 2583 205 2663 μίαις
219 2577 465 2666 ἓνκβρννόμενος.
518 2577 620 2666 εἰρήνη
635 2579 669 2642 δὲ
680 2585 798 2659 βαθεῖα
808 2580 864 2663 τὴν
879 2583 980 2644 πᾶσαν
993 2573 1120 2660 ἔχαόνου
1133 2582 1222 2641 πολι-

118 2686 202 2750 τείαν
210 2731 220 2761 ,
246 2687 297 2748 καλ
314 2683 369 2766 οὐχ
382 2679 491 2765 ἥκιστα
505 2680 558 2748 τὸν
570 2678 759 2768 στρατιώτην
764 2730 775 2761 ,
801 2679 922 2748 πόντων
936 2675 1014 2763 ὃμοῦ
1026 2679 1082 2763 τὴν
1095 2685 1150 2764 τῆς
1162 2679 1220 2744 αά-

119 2791 174 2872 λῆς
196 2785 355 2878 ῥαστώνην
376 2781 545 2868 ζηλούντων
565 2785 619 2850 καί
642 2783 812 2854 διωκόντων
833 2784 872 2850 τά
890 2784 1040 2868 βασιλέως
1063 2779 1221 2868 ἐπιτηδεό-

187 2955 712 3099 ἓωρρνριρδςῦ.1δδημξγρρργοοτα1ρα.
825 2960 859 3016 13
875 2955 1040 3029 esperone
1057 2959 1090 3016 0.
1125 2977 1160 3016 aa
1176 2959 1222 3016 δί-

120 3200 175 3239 mar
193 3183 228 3239 ad
244 3183 438 3266 praefectpram
454 3183 560 3268 ονοκίγς
584 3189 664 3306 steppe
683 3179 822 3264 aliqnando
839 3180 873 3264 ab
892 3195 974 3264 nxpre
989 3177 1106 3234 Ariadne
1121 3179 1221 3234 solliei-

121 3262 191 3308 tatns
208 3261 238 3308 ut
250 3253 389 3306 Anthemio
404 3253 545 3320 Anthemu,
563 3269 608 3322 qur
645 3269 718 3306 omae
728 3257 878 3320 imperavit,
895 3249 951 3302 filio
965 3251 1156 3318 praefecturam
1173 3249 1221 3304 ‹le-

121 3323 222 3390 ferret,
248 3339 405 3376 succensens
422 3323 524 3376 nemine
541 3321 592 3374 nisi
609 3321 721 3374 literatis
737 3320 842 3389 diguam
859 3337 918 3372 esee
935 3321 1125 3388 praefecturam
1142 3318 1221 3372 dixit.

122 3393 251 3460 quomodo
268 3399 354 3446 autem
371 3389 472 3446 veritus
488 3391 525 3444 sit
540 3391 736 3474 magistratum,
760 3407 793 3442 ex
811 3389 860 3442 boc
876 3388 940 3441 licet
954 3387 1037 3441 intelli
1057 3403 1112 3441 ere.
1148 3387 1221 3441 Har-

122 3459 186 3514 miae
205 3461 307 3530 quidam
327 3479 342 3514 e
357 3460 460 3527 Lydiae
477 3459 622 3514 scriniariis
639 3458 870 3529 reprehensionem
886 3457 1012 3524 incurrit,
1037 3405 1089 3510 ger
1108 3457 1150 3524 ὀ,
1174 3457 1220 3539 qni

123 3537 175 3584 tum
192 3531 360 3601 praefectura
376 3529 541 3598 surgebam,
559 3537 740 3584 succensente.
775 3528 918 3597 imperator
934 3535 1029 3594 autem,
1047 3527 1080 3580 ab
1124 3543 1221 3579 ermrao

123 3609 207 3652 matre
222 3599 385 3666 sollicitatus,
403 3597 507 3652 multum
524 3597 679 3652 hortabatur
695 3599 856 3668 praefectum
869 3603 899 3648 ut
910 3596 1036 3650 Hermiae
1052 3597 1219 3650 concederet.

123 3676 152 3720 at
167 3668 211 3723 ille
228 3685 311 3740 usque
327 3669 483 3732 differebam
500 3665 660 3738 indulsitqua
676 3667 827 3738 imperator,
849 3673 877 3718 et
890 3665 1069 3732 magistratum
1087 3671 1115 3718 at
1130 3663 1220 3732 Sergii

123 3736 287 3805 splendorem
305 3754 440 3804 reverens,
457 3737 576 3818 quamvis
593 3753 672 3792 eausa
685 3746 757 3791 esset
775 3734 879 3802 fortior,
897 3733 996 3805 quippe
1012 3733 1058 3803 qni
1074 3735 1107 3788 ad
1123 3733 1221 3786 iustam

124 3821 179 3860 rem
196 3807 354 3861 hortaretur.
389 3823 446 3860 cum
466 3805 548 3874 igitur
563 3805 721 3860 clarissimus
738 3805 850 3876 quisque
865 3803 1020 3871 magistratu
1036 3802 1153 3856 vicissim
1170 3820 1219 3873 po-

124 3873 235 3942 tiretur,
253 3893 286 3928 ex
302 3873 503 3946 Augustalibus,
525 3881 555 3928 ut
568 3884 681 3942 vocant,
698 3875 732 3931 iia
747 3874 793 3944 qui
809 3871 919 3926 maxime
936 3871 1086 3940 eloquentia
1100 3879 1220 3941 precata-

124 3943 203 4008 bant‚
235 3961 284 3996 neo
308 3963 359 3998 non
384 3943 574 3999 aemulantibus
596 3962 642 3998 eos
666 3945 738 3998 inter
763 3941 895 4007 notarios,
927 3942 1054 3994 accedere
1080 3941 1238 4008 concessit.

126 4011 310 4082 orationesque
322 4015 436 4084 tradere,
455 4022 483 4068 et
499 4013 611 4082 publicis
622 4013 650 4066 iu
661 4012 799 4066 auditoriis
814 4007 927 4064 anemio
943 4009 1055 4064 dicendo
1069 4009 1220 4064 facultatem

125 4081 274 4148 ostendere,
290 4083 456 4168 praemiaque
472 4101 524 4136 non
542 4082 637 4152 exigua
651 4080 787 4164 consequi.

193 4150 237 4204 51.
272 4149 350 4204 'lolia
370 4153 497 4220 quaedam
519 4159 574 4207 tum
592 4154 702 4208 fiebant.
736 4153 880 4220 imperator
896 4153 983 4202 autem
998 4145 1118 4202 mollitiei
1132 4145 1219 4200 ἰοδαΙ-

124 4218 214 4336 ρολπιι,
231 4217 328 4272 Marini
343 4219 443 4274 artibus
460 4220 545 4289 dives,
563 4229 591 4277 at
607 4221 739 4278 consulum
757 4219 877 4273 laudibus
894 4217 987 4273 elatus.
1004 4234 1057 4287 pax
1073 4233 1138 4270 vero
1155 4233 1219 4286 pro-

139 4289 207 4342 unde
222 4295 304 4342 totam
320 4287 425 4342 laxabat
440 4292 647 4362 rempublicam,
665 4299 694 4346 et
709 4289 820 4345 maxime
834 4287 951 4356 militem,
968 4285 1087 4340 omnibus
1102 4301 1155 4340 una
1171 4301 1220 4340 aa·

125 4351 167 4410 lae
184 4357 264 4414 otium
281 4355 469 4414 aemulantibus
485 4362 699 4436 sectantibnaqne
713 4360 802 4418 stoue
818 4357 994 4432 imperatorie.
1020 4375 1052 4414 ac
1067 4355 1129 4412 linia
1146 4364 1219 4410 oete-
