2934 4868
267 341 378 391 xarm
753 322 888 394 iussn

222 523 225 529 '
267 533 394 606 uterque
412 519 605 584 eruendorum
626 531 745 584 textum
768 523 924 605 legerunt,
946 523 983 584 ab
1006 523 1105 607 iisque
1124 521 1296 590 admonitus
1310 547 1384 590 non

266 628 362 690 semel
377 637 430 686 aut
445 629 552 686 vitium
567 625 691 708 aliquod
704 647 765 686 uon
781 627 1022 689 animadversum
1038 629 1176 688 intellexi
1194 643 1246 691 aut
1260 635 1384 712 proba-

265 731 358 792 bilius
378 731 524 810 corrigere
540 741 662 790 couatus
676 749 755 789 surn.
797 749 876 812 quaa
891 749 962 791 rero
978 751 1069 811 opere
1081 733 1144 790 ism
1156 731 1274 812 pridem
1289 739 1381 815 typis

265 853 378 894 excuso
396 831 584 892 emendanda
599 850 755 913 superesse
773 830 856 907 vidi,
877 852 914 892 ea
927 852 989 893 una
1004 853 1074 894 oum
1089 832 1208 896 mendis
1223 845 1382 918 typogra-

263 933 361 1016 phicis
376 933 416 995 ad
431 946 601 995 extremum
616 935 752 1014 opusculi
765 933 907 995 iudicari.

347 1091 383 1150 Iu
409 1089 491 1150 vitiis
521 1097 623 1148 autem
648 1085 832 1168 corrigendis
860 1085 940 1150 banc
964 1087 1030 1148 fera
1059 1089 1208 1150 rationem
1234 1094 1379 1152 serrari:

99 1211 126 1264 p.
139 1208 246 1248 axxxrr
263 1191 505 1267 emendationes,
528 1188 566 1249 de
587 1191 696 1273 quibus
718 1189 849 1250 dubitari
861 1211 922 1252 nou
934 1202 1053 1274 posset,
1074 1191 1107 1250 in
1121 1201 1242 1250 textum
1255 1195 1375 1274 recepi,

262 1297 367 1356 ceteris
385 1297 418 1353 iu
438 1294 517 1353 notis
539 1301 658 1352 tantum
680 1293 853 1372 propositis.
895 1293 929 1352 in
954 1289 1064 1352 iisdem
1087 1291 1261 1354 emendatas
1279 1314 1297 1353 a
1315 1317 1376 1356 mo

264 1395 374 1459 codicis
400 1397 546 1457 lectiones
575 1397 693 1471 notavi,
722 1396 857 1476 exceptis
876 1414 951 1477 quas
970 1394 1091 1455 nonnisi
1111 1398 1272 1476 scripnrrae
1290 1398 1374 1458 vitio

261 1477 398 1560 laborare
422 1500 585 1559 constabat.
628 1495 718 1557 huius
738 1499 856 1578 generis
875 1495 1004 1556 mendae
1022 1499 1055 1556 iu
1073 1495 1176 1557 codice
1190 1501 1373 1560 innumerae

262 1600 473 1675 occurrebant,
495 1601 580 1660 nullo
602 1602 716 1680 passim
736 1601 816 1659 iuter
837 1597 974 1660 eiusdem
987 1599 1053 1659 soni
1066 1601 1184 1660 vocales
1198 1599 1374 1681 diphthon-

260 1723 376 1784 gosque
388 1701 561 1762 discrimine
576 1712 705 1762 servato.
750 1699 878 1762 eandem
894 1703 958 1762 sire
974 1703 1174 1782 ignorantiam
1186 1705 1250 1764 sive
1264 1707 1375 1784 negli-

259 1808 394 1886 gentiam
412 1807 445 1864 iu
462 1814 586 1864 accentu
602 1801 838 1864 animadvertere
856 1805 943 1880 licat,
971 1804 1005 1870 iu
1025 1823 1091 1886 quo,
1103 1807 1277 1888 saepissime
1290 1829 1373 1889 pec-¹

256 1919 377 1984 catum3
399 1909 462 1968 imo
473 1909 578 1968 multis
591 1907 682 1984 locis,
704 1907 757 1966 ubi
771 1926 852 1967 nunc
869 1903 1075 1984 desideratur,
1095 1911 1217 1970 omniuo
1232 1909 1372 1993 defuisse

257 2009 387 2072 videtur.
429 2009 470 2069 ad
491 2033 511 2073 ν
532 2004 747 2090 lpalxuorssdn
767 2029 838 2070 vero
859 2007 941 2092 quod
962 2010 1083 2088 attinet,
1104 2013 1226 2074 tametsi
1243 2010 1371 2074 credere

257 2133 320 2174 uon
348 2113 446 2176 ausim
471 2111 551 2174 hano
572 2113 694 2174 literam
713 2132 776 2174 nou
799 2113 859 2174 nisi
883 2131 988 2172 eorum
1010 2114 1063 2198 qui
1084 2133 1159 2198 opus
1181 2114 1370 2196 descripsere

258 2215 349 2296 culpa
372 2225 442 2277 ente
468 2226 666 2276 consonantes
691 2235 752 2279 nou
772 2217 874 2276 minus
894 2235 985 2296 saepe
1001 2225 1092 2297 atque
1109 2228 1179 2279 ante
1194 2219 1313 2280 vocales
1331 2219 1369 2278 iu

257 2315 360 2406 podice
383 2318 524 2399 reperiri,
551 2319 648 2380 malui
669 2327 788 2396 tamen,
815 2319 944 2380 aliorum
966 2321 1108 2397 consilio,
1135 2322 1168 2380 iu
1188 2341 1220 2380 ra
1242 2321 1367 2382 levioris

256 2423 404 2480 momenti
419 2433 595 2484 consuetum
611 2419 761 2482 editcmm
774 2442 892 2482 morem
903 2421 1001 2504 sequi.
1044 2431 1179 2486 ceterum
1192 2433 1313 2489 textum
1330 2423 1366 2484 iu

255 2523 347 2584 libros
361 2532 391 2582 et
405 2526 502 2605 capita
513 2521 646 2589 divisum
657 2523 854 2608 paragraphis
867 2526 991 2608 insuper
1005 2521 1144 2586 distinxi.

90 2709 119 2763 p.
143 2705 240 2748 ame
340 2679 426 2739 Notis
441 2675 481 2737 sd
493 2665 619 2738 textum
628 2677 852 2740 emendandum
865 2676 1184 2762 interpretandumque
1197 2677 1366 2757 spectanti·-

255 2782 313 2841 bus
333 2781 424 2857 alias,
448 2783 557 2863 quibus
579 2803 628 2843 res
650 2783 885 2858 illustrarentur,
914 2780 1025 2842 addere
1047 2784 1278 2842 constitueram:
1308 2777 1365 2839 sed

255 2901 332 2942 mox
356 2883 556 2944 animadverti
576 2886 676 2946 maius
696 2903 714 2944 e
734 2905 784 2942 me
807 2903 900 2967 qnam
918 2905 974 2966 pro
995 2886 1056 2947 otio
1077 2905 1147 2946 meo
1166 2901 1243 2963 opus
1258 2899 1364 2942 susce

255 2997 361 3068 ptum:
382 2989 485 3071 itaque
509 2997 625 3048 mutato
648 2991 802 3068 proposito
820 2990 1017 3069 paucissimas
1034 2985 1126 3048 buius
1141 2987 1260 3067 generis
1272 2991 1364 3044 notas
1415 3034 1428 3054 .,

254 3091 395 3170 inspersi.
438 3099 594 3150 auctorum
609 3099 711 3149 tamen
727 3092 794 3151 loca
810 3111 828 3150 a
844 3089 930 3173 Lydo
943 3087 1067 3152 laudata
1084 3077 1236 3172 quaesiti,
1256 3107 1364 3167 reper-

252 3201 343 3274 taque
360 3203 413 3253 aut
425 3196 504 3253 notis
519 3193 632 3254 haemi
649 3203 701 3253 ant
717 3203 796 3254 certe
809 3191 950 3254 iudicari.
992 3205 1112 3274 praeter
1122 3190 1244 3252 laudata
1258 3197 1363 3248 autem

253 3296 320 3354 loca
343 3297 402 3354 alia
425 3314 545 3377 quoque
569 3315 631 3355 non
656 3295 758 3356 addito
783 3299 912 3358 auctoris
929 3297 1052 3355 uomina
1070 3305 1244 3370 occurnmt,
1265 3293 1363 3352 veluti

252 3397 344 3455 verba
368 3390 440 3460 οὐδ’
462 3397 496 3462 ἐν
518 3395 594 3484 λόγῳ
617 3391 689 3462 odd’
706 3397 740 3462 ir
758 3393 883 3487 dprbppi
909 3397 960 3480 (p.
982 3401 1044 3464 211
1072 3401 1148 3483 16),
1184 3416 1261 3481 quae
1289 3403 1364 3456 sont

251 3515 321 3577 pars
336 3501 448 3559 oraculi
464 3499 547 3583 quod
561 3499 648 3560 affert
665 3499 842 3564 scholiastes
860 3501 899 3562 ad
913 3500 1071 3563 Theocriti
1083 3499 1129 3562 ld.
1145 3501 1187 3567 24
1204 3521 1233 3561 r.
1249 3499 1308 3574 483
1330 3504 1361 3556 ei

252 3603 344 3661 verbe
360 3601 420 3667 ides
434 3601 467 3668 dl
479 3597 641 3688 χρημάτων
660 3614 715 3664 ctc.
745 3603 795 3685 (p.
812 3601 875 3669 246
895 3606 972 3690 17),
1001 3623 1078 3687 qnae
1103 3615 1188 3686 patet
1207 3625 1224 3662 o
1244 3603 1362 3661 nemo-

251 3701 366 3764 athenis
389 3705 513 3788 Olyntb.
535 3713 550 3773 1
576 3709 670 3788 petita
691 3726 773 3783 essa,
795 3707 849 3766 ubi
868 3707 979 3787 legitur
1001 3710 1050 3772 dri
1068 3704 1107 3788 dri
1126 3699 1286 3788 χρημάτων
1302 3713 1360 3762 eto.

251 3822 329 3886 quae
345 3800 405 3866 duo
420 3825 487 3870 sero
502 3809 710 3871 animadversa
727 3805 778 3867 blo
791 3817 935 3868 muctare
950 3811 1048 3887 iuvat,
1070 3811 1193 3884 ceteris,
1214 3827 1292 3888 quae
1310 3825 1361 3864 re-

248 3910 348 3989 perire
369 3913 470 3988 potui,
495 3933 549 3973 suo
571 3915 639 3976 loco
663 3911 813 3972 indicatis.
857 3919 903 3970 est
922 3913 1045 3972 omuino
1066 3908 1172 3992 Lydus
1192 3911 1306 3968 multus
1326 3907 1359 3963 in

247 4021 385 4071 ratarum
402 4017 580 4094 scriptorum
593 4017 684 4092 locis,
709 4033 805 4096 quae,
827 4013 904 4074 olim
913 4015 1001 4090 lecta,
1026 4015 1190 4074 memoriae
1206 4013 1271 4070 eius
1284 4025 1359 4068 con-

82 4132 111 4186 p.
123 4129 231 4174 num
247 4113 316 4173 fusa
334 4115 585 4194 obversabantur,
607 4115 797 4198 usurpandis.
840 4113 974 4176 indicem
993 4135 1114 4199 quoque
1134 4125 1290 4176 auctorum
1301 4131 1358 4191 pa-

249 4219 394 4279 ouliarem
419 4217 532 4299 adieci,
572 4221 685 4304 quippe
714 4229 745 4280 et
770 4215 903 4280 indicem
925 4237 1026 4279 rerum
1049 4237 1180 4300 emaque
1204 4219 1357 4298 copiosum

247 4321 376 4383 corusci:
