2934 4868
537 333 781 404 emitto,
1131 335 1217 416 mo·

78 537 123 598 eie
133 535 210 598 tneo
224 532 324 610 eniri,
345 551 415 596 non
431 533 498 594 erui
512 529 638 596 aliunde
651 555 757 621 poree,
778 555 952 622 quenquam
967 533 1085 602 divinoe
1102 538 1216 606 hume-
1242 531 1247 540 ’

80 675 204 740 meque
223 656 317 736 iege·
331 653 515 736 dieoiplinee
529 655 689 736 religionen
705 658 781 718 ritne
800 655 942 720 Moeno
960 671 1114 742 veterum,
1137 685 1217 748 qun-

82 789 177 838 tune
193 775 301 836 literis
323 793 433 836 eorum
447 771 539 836 hodie
559 777 766 854 eontinentur,
787 777 882 860 probe
895 789 1000 842 tenere
1021 782 1163 864 (temetei
1178 789 1213 848 in

85 895 235 958 enom
252 895 300 956 eie
319 891 479 957 dentum
497 897 1064 984 numereminimeegomepouem)=
1084 905 1111 966 ei
1128 917 1213 967 eote

89 1019 203 1078 min
218 1013 374 1093 duerunt,
396 1035 459 1098 qno
473 1013 651 1097 coningiee'i
673 1018 726 1100 qui
738 1019 837 1098 poeeie
852 1021 972 1080 erioieri
986 1038 1063 1103 queo
1077 1039 1220 1086 menne*
1259 987 1270 1005 '

91 1135 180 1198 rinti
214 1137 277 1213 ite,
304 1137 375 1196 lieet
397 1137 564 1216 plurimum
577 1137 617 1198 eit
632 1139 777 1220 temporie
795 1157 877 1198 eme
893 1138 927 1199 in
942 1136 1001 1200 hoo
1019 1145 1212 1222 potieeimum

91 1258 276 1337 fingmento
290 1251 475 1316 restituendo
492 1265 718 1336 ooneumptum,
739 1275 802 1318 nou
821 1265 923 1316 temen
937 1258 1065 1322 erbitrer
1078 1265 1211 1326 multum

93 1395 146 1435 me
170 1375 359 1457 promtiore,
381 1374 460 1436 iilud
484 1393 581 1436 unum
601 1376 794 1456 pronuntinre
815 1395 925 1453 mene,
948 1395 998 1436 me
1013 1397 1124 1460 magno
1139 1403 1210 1444 oum

94 1498 226 1575 bbere,
249 1493 421 1578 diiigentiu,
443 1495 633 1556 contentione
650 1497 744 1555 enimi
759 1515 796 1556 ee
809 1495 842 1555 iu
856 1514 888 1555 re
902 1515 967 1558 eree
983 1511 1144 1562 vernetum.

186 1622 226 1680 ln
249 1619 346 1694 notit,
368 1633 438 1676 oum
458 1614 498 1676 ed
521 1615 645 1676 Oetente
663 1626 730 1674 tum
753 1614 793 1676 ed
810 1617 1013 1696 fragmentum
1028 1621 1074 1681 De
1089 1624 1205 1684 menei·
1227 1623 1268 1689 12

98 1739 178 1816 bue,
201 1757 265 1798 uno
290 1739 356 1798 eolo
376 1737 443 1798 loeo
464 1737 584 1817 longine
603 1737 667 1796 iere
692 1755 785 1818 quem
802 1735 942 1798 voiuntee
963 1741 1021 1800 suit
1043 1740 1136 1822 (nem
1149 1762 1209 1823 po-

99 1863 233 1922 tuissem
255 1877 353 1940 perne
376 1860 409 1916 in
431 1858 560 1938 ringulie
579 1857 724 1935 vooibne)
745 1878 764 1916 e
781 1862 935 1940 preponito
953 1879 1022 1921 eum
1039 1859 1207 1942 deprensos,

102 2001 132 2062 p.
147 1983 212 2046 393
228 1998 297 2062 sqq.
321 1981 375 2040 un
395 1979 446 2059 egi
465 1975 502 2038 de
522 1981 606 2038 mo
626 1977 844 2060 optumum
864 1979 948 2040 verto
965 1974 1103 2062 rm
1146 1960 1208 2043 ,iio

101 2101 173 2162 loeo
192 2102 383 2161 instituerem
404 2096 503 2158 dioere
524 2094 562 2158 de
586 2095 740 2159 oodioiboe
761 2099 911 2181 reeoriptie
930 2099 1130 2162 bibssotheoee
1146 2104 1209 2162 lie-
1223 2121 1253 2178 p·
1272 2119 1342 2160 mr

105 2223 184 2301 gine.
228 2222 339 2282 etenim
358 2238 428 2278 oum
444 2221 582 2299 egregiae
599 2219 785 2302 antiquitatis
809 2217 921 2280 vindex
940 2225 1076 2303 Angelus
1098 2229 1207 2304 Meiue,
1247 2235 1253 2246 ’

104 2352 172 2402 tum
192 2361 264 2402 oeeu
284 2351 314 2402 et
330 2337 475 2398 felicitate
494 2347 561 2398 turn
582 2340 716 2398 maxime
738 2340 800 2399 eori
823 2349 913 2423 etque
934 2352 1047 2403 ettente
1069 2343 1208 2407 oodiourn

106 2460 372 2520 Amiroeienorum
387 2459 638 2540 perscrutatione,
660 2469 704 2519 tot
718 2469 960 2541 veterum'opere
976 2463 1010 2522 in
1024 2466 1208 2528 membr-enin

106 2581 306 2660 pelimpeeetie
326 2581 451 2639 letentie
473 2575 738 2660 deprehendieeet‚
766 2599 802 2639 en
826 2579 864 2641 eb
889 2582 1012 2642 interitu
1030 2584 1208 2645 mirebiiiter

106 2698 255 2760 rindioetn
270 2709 387 2760 tentem
403 2701 658 2779 exepeotetionem
675 2699 839 2760 attulerunt
855 2709 978 2782 repente
995 2701 1150 2778 omnibns,
1171 2711 1207 2762 ut

195 2821 308 2901 ubique
328 2830 395 2880 tum
415 2829 494 2878 oerte
514 2820 637 2882 Perieiie
656 2821 689 2879 iu
709 2815 892 2880 bibliotheon
913 2831 1033 2899 nostre,
1066 2824 1206 2904 entiquor

107 2939 254 3022 utiieeque
273 2939 368 3000 libros
386 2939 460 2998 item
482 2934 656 3000 deliteeoere
672 2941 905 3022 euepioerentur.
947 2951 1130 3024 quepropter
1141 2961 1204 3002 non

107 3063 208 3142 pntevi
222 3079 288 3122 eree
306 3061 440 3120 niienrnu
453 3057 559 3120 etndiie
573 3063 650 3120 meio
664 3059 805 3140 oolligere
820 3057 898 3142 que'e
913 3071 944 3120 et
957 3079 1015 3120 nen
1029 3059 1205 3142 quotidiano

107 3177 258 3258 oodieum,
282 3189 312 3240 et
326 3177 483 3260 diligentie
497 3197 589 3261 quem
603 3198 621 3238 e
633 3197 683 3238 me
699 3181 867 3259 exepeoteri
887 3183 1021 3240 menime
1035 3189 1126 3259 puto,
1147 3199 1206 3261 po·

108 3301 213 3360 tuerint
231 3299 297 3360 eine
310 3301 429 3379 generis
442 3301 475 3358 in
489 3296 640 3359 oodioibne
656 3297 777 3358 Grreoie
795 3295 895 3358 edituo
917 3300 1107 3380 invertigere.
1151 3321 1205 3360 en-

108 3439 164 3502 que
178 3430 242 3481 eret
255 3421 288 3478 in
302 3420 403 3478 enimo
416 3417 596 3496 eubiungore
609 3417 698 3477 notio.
739 3428 845 3498 posteo
857 3439 940 3494 vero,
962 3437 1031 3480 oum
1045 3422 1076 3478 in
1090 3421 1205 3481 molem

109 3541 174 3602 iueti
187 3540 352 3602 voluminie
366 3537 501 3598 riderem
514 3555 704 3612 extremm,
725 3539 818 3598 eetiue
840 3536 916 3598 duxi
931 3539 1066 3600 conferre
1080 3542 1111 3600 in
1128 3543 1205 3604 eori-

10 3659 12 3690 r
109 3662 238 3740 ptionem
256 3659 459 3738 eioguierem‚
482 3676 576 3739 quee,
597 3665 632 3716 nt
651 3675 753 3736 opero,
774 3655 951 3738 propediem
967 3657 1120 3740 prodibit,
1141 3681 1204 3722 non

111 3797 164 3862 quo
188 3777 311 3842 oredem
335 3799 371 3839 ee
389 3798 455 3839 eeee
473 3779 563 3852 tenti,
592 3773 647 3837 eed
661 3795 701 3835 ne
722 3777 756 3835 in
774 3795 807 3836 re
826 3795 904 3858 quoe
920 3797 1002 3840 nuno
1016 3784 1152 3842 mexime
1171 3783 1206 3842 in

111 3895 252 3959 deridet-io
267 3907 313 3958 eet
326 3899 370 3957 rei
384 3896 522 3978 publioee
534 3897 684 3956 litereriee
696 3897 790 3979 inque
802 3916 853 3958 ore
868 3907 898 3957 et
909 3917 1049 3961 eennone
1057 3904 1204 3978 omnium,

110 4035 159 4077 noe
181 4020 239 4080 eoli
261 4018 403 4092 Perieiie,
430 4011 612 4076 bibliothece
632 4015 837 4096 oopioeieeirne
854 4038 890 4078 eo
913 4017 1050 4080 oodieum
1069 4021 1206 4080 refertie-

110 4138 194 4216 dm,
215 4136 363 4200 desidiosi
384 4137 553 4218 inertesque
575 4155 640 4196 eeee
660 4134 828 4198 videamur.
870 4157 976 4199 rerum
999 4149 1033 4200 nt
1056 4137 1097 4198 ed
1115 4149 1203 4202 notae

108 4273 246 4340 reverter,
269 4259 297 4322 ei
318 4254 441 4339 quondo
461 4257 505 4316 ibi
521 4255 623 4318 locum
637 4257 687 4318 rel
703 4257 869 4339 interpoeoi
884 4261 1013 4321 enetorie
1028 4257 1134 4320 inediti
1150 4261 1201 4319 vel
1217 4283 1247 4338 p.
1261 4278 1320 4318 xxv
