2934 4868
552 339 798 408 PRAEFATIO·
1168 357 1228 408 ssa

103 561 278 606 memorare
297 537 453 627 Lydum,
472 543 522 602 vei
543 540 638 604 rarius
654 541 841 603 mentionem
856 537 956 602 iecere
975 538 1225 604 caerimoniarum

102 663 130 722 in
144 660 231 741 deos,
255 683 409 744 eumque
420 661 575 720 silentium
589 657 762 720 huiusmodi
773 681 833 720 non
846 670 945 722 tntum
956 657 1047 720 modo
1058 659 1113 719 sed
1126 658 1223 722 hone«

102 785 271 844 mamam
291 803 427 866 quoque
442 799 507 840 esse
522 778 706 840 arbitratum.
733 782 893 863 inquisisse
908 783 941 840 in
955 782 1048 840 vitans
1063 782 1225 842 Caesarum

102 906 228 984 ospitale
244 913 321 963 erat
347 900 416 983 (adi
429 901 462 960 in
476 902 581 980 primis
594 903 705 962 lulium
717 903 881 962 Firmicum
893 903 1092 970 Astronoruio.
1106 906 1128 966 2
1149 901 1223 980 38);

101 1043 196 1104 neque
211 1021 323 1098 illud,
350 1041 441 1102 agere
458 999 497 1080 de
515 1023 701 1081 caerimoniis
713 1023 867 1101 pristinis,
887 1020 1026 1081 molestia
1045 1041 1101 1081 sua
1122 1041 1222 1082 carere

103 1139 230 1202 debebat
254 1151 369 1200 aetate
389 1139 479 1222 Lydi.
523 1138 563 1198 ad
587 1140 763 1220 religiones,
785 1138 901 1200 divinas
923 1141 992 1200 illas
1017 1139 1141 1220 quidem
1162 1140 1217 1202 sed
1233 1165 1262 1219 p.
1278 1161 1318 1200 xx

101 1277 212 1338 novas,
236 1258 355 1320 studio
373 1259 557 1320 inflammato
575 1270 647 1320 tuno
662 1259 855 1339 rapiebantur
867 1260 1003 1340 plerique
1023 1279 1145 1336 ormres3
1168 1265 1223 1344 qui

100 1381 231 1460 impium
257 1379 418 1462 (nisime
433 1377 528 1459 iulio)
551 1390 736 1461 reputassent
750 1379 881 1459 prolerre
898 1381 931 1438 in
943 1379 1062 1456 lucem,
1084 1399 1161 1462 quas
1182 1401 1224 1442 ex

101 1499 287 1578 pontificum
310 1499 403 1560 libris
428 1501 553 1560 eruisset
574 1501 684 1582 aliquis
708 1498 745 1560 de
766 1501 906 1580 auspiciis
920 1500 1034 1575 cliriis,
1055 1501 1147 1560 sacris
1163 1519 1222 1558 no-

103 1618 321 1696 vendialibus,
342 1619 532 1680 lectisterniis
549 1617 708 1694 faciundis,
730 1618 996 1698 supplicationibus
1015 1621 1091 1679 circa
1107 1621 1221 1702 templs

105 1741 173 1800 iana
194 1742 384 1822 padvinsrie
410 1737 616 1800 decernendis.
659 1737 872 1820 quamobrem,
899 1738 1025 1818 opinor,
1047 1737 1129 1798 haud
1155 1743 1221 1800 sino

108 1856 188 1940 gravi
203 1881 309 1924 musa
321 1879 383 1920 non
397 1861 456 1919 nisi
468 1877 575 1940 panca,
597 1877 691 1941 eaque
705 1857 839 1936 obseura,
862 1859 1003 1938 antiquae
1017 1864 1220 1940 persuasionis

108 1983 237 2062 vestigia
261 1982 302 2040 iu
325 1980 474 2060 excerptis
488 1981 551 2040 suis
565 1979 687 2060 reliquit
697 1977 812 2062 Lydus.
855 1977 977 2060 reliquit
996 1988 1115 2056 tamen,
1136 1981 1221 2041 relat

111 2119 140 2180 p·
154 2105 219 2168 288
240 2104 288 2166 10
311 2097 350 2160 ds
368 2099 473 2181 populi
486 2099 557 2158 victi
572 2100 760 2160 cserbnoniis
774 2097 813 2158 ad
826 2099 978 2160 Romanos
992 2097 1219 2160 transferendis.

111 2219 183 2282 item
205 2225 242 2282 in
270 2221 430 2301 fulgurum
457 2219 751 2300 interpretationibus
780 2238 811 2300 p·
831 2215 894 2284 842
915 2251 955 2262 -
976 2217 1055 2295 848,
1089 2219 1157 2296 nbi,
1192 2219 1220 2280 si

113 2359 206 2419 panca
221 2340 402 2420 exceperis,
423 2339 486 2398 han
498 2337 578 2400 nibil
593 2339 649 2400 erit
660 2359 767 2400 causae
787 2339 861 2423 quin
877 2335 980 2398 credas
996 2348 1130 2418 sumptas
1149 2339 1220 2400 illas

116 2477 177 2520 esse
196 2479 241 2522 ex
260 2459 342 2520 libro
357 2468 459 2518 vetere
471 2459 623 2539 pontificio
637 2461 739 2520 rituali
750 2459 904 2540 fulgurati
947 2457 1055 2539 quibus
1071 2455 1109 2515 de
1123 2458 1219 2535 libris,

118 2587 144 2636 et
162 2580 292 2640 omnino
319 2576 357 2639 de
379 2579 511 2640 fontibus
534 2579 615 2642 unde
637 2577 739 2640 bausit
757 2588 860 2640 auctor
872 2588 990 2653 noster,
1012 2597 1081 2636 cum
1096 2596 1131 2637 es
1146 2599 1220 2659 pro·-

119 2697 214 2776 prinm
231 2717 310 2780 opus
327 2697 513 2776 desiderent,
536 2700 655 2781 sintque
673 2718 735 2758 non
755 2699 853 2778 magis
876 2695 1016 2776 ambigua
1030 2715 1121 2778 quam
1136 2695 1219 2756 diffi-

119 2815 185 2876 cilia
205 2818 380 2899 explicatu,
402 2819 531 2880 conabor
547 2817 709 2902 aliquando
728 2819 894 2880 accuratius
907 2835 1012 2898 agere,
1034 2815 1141 2877 eodem
1154 2818 1219 2878 iere

120 2934 208 2997 modo
232 2937 279 3019 (si
301 2947 404 2998 tamen
424 2936 557 3020 possim)
580 2959 641 3022 quo
666 2959 763 3020 nuper
783 2941 831 3000 rir
852 2958 989 2998 summus
1006 2939 1220 3013 Aliblieeren,

121 3056 202 3116 cuius
214 3057 312 3139 gloria
325 3058 416 3138 longe
432 3059 538 3119 clarior
551 3071 596 3120 est
610 3079 701 3142 qnam
716 3068 750 3118 ut
762 3068 862 3118 nostro
881 3077 1012 3120 crescere
1026 3057 1120 3136 possit
1132 3057 1220 3116 testi-

122 3178 239 3254 monio,
261 3177 295 3236 in
316 3181 566 3240 commentatione
582 3180 627 3238 De
639 3176 772 3237 fontibus
788 3187 818 3238 et
832 3177 1007 3236 auctoritato
1020 3177 1149 3236 vitarum
1162 3195 1220 3257 pa·

124 3271 294 3356 ralielsrnna
315 3293 485 3374 Plutarchi,
508 3295 588 3358 edita
608 3297 767 3375 Gottingae
789 3297 881 3370 1820,
900 3298 932 3363 8.
974 3311 1010 3354 ao
1032 3293 1158 3356 sonasse
1180 3294 1263 3376 adp.
1282 3322 1331 3360 χχι

123 3407 179 3474 boo
191 3425 282 3498 caput
296 3417 507 3498 antiquitatum
521 3420 725 3480 Romanarum
737 3415 870 3498 aliquam
885 3415 964 3496 potis
977 3433 1028 3476 ero
1045 3409 1152 3474 afferre
1166 3435 1219 3476 ac-

125 3537 295 3596 cessionem.
338 3555 411 3596 nam
429 3537 611 3617 fragmenta,
640 3537 904 3620 quennalscunque
926 3535 1004 3609 sint,
1024 3543 1141 3594 veteres
1161 3555 1220 3616 po-

125 3655 187 3732 puli
201 3656 332 3718 Romani
353 3657 512 3736 religiones
535 3658 734 3738 explicantia,
764 3654 887 3714 LGinoii
906 3651 1067 3728 Alincum
1099 3653 1219 3736 Anysii,

126 3771 289 3855 Elpidieni,
319 3777 419 3836 Fulvii
438 3776 553 3854 Flacci,
581 3779 661 3838 lunii
682 3771 826 3852 Gracchi,
856 3773 943 3834 Rebii
962 3772 1072 3848 Macri,
1094 3773 1219 3834 Masurii

128 3889 242 3972 Sabini,
263 3897 344 3971 Nisi,
364 3897 471 3972 Rutilii
492 3896 614 3956 Gemini
635 3898 823 3978 aliorumque
845 3911 1079 3974 anonymorum,
1109 3891 1219 3970 collegi

126 4009 297 4074 iamdudum
309 4013 520 4096 undecunque,
533 4033 604 4074 cum
616 4035 657 4076 ex
668 4015 753 4077 libris
765 4013 864 4091 editis,
879 4002 1073 4094 maximeque
1087 4031 1103 4070 e
1115 4029 1219 4089 gram·-

125 4137 252 4212 maticis,
281 4145 348 4195 tnm
375 4153 416 4194 ex
445 4131 532 4193 codd.
554 4135 766 4215 manuscriptis
787 4136 890 4214 Regiis
908 4130 1217 4211 bibliothecarumque

125 4249 261 4332 aliarum,
292 4266 439 4338 quotquot
460 4257 493 4315 in
512 4254 669 4316 itineribus
688 4257 765 4320 meis
786 4254 898 4316 italicis
921 4253 1006 4335 potui
1026 4250 1217 4334 perscrutari.
