<?xml version="1.0" encoding="UTF-8"?>
<!DOCTYPE html PUBLIC "-//W3C//DTD XHTML 1.0 Transitional//EN"
    "http://www.w3.org/TR/xhtml1/DTD/xhtml1-transitional.dtd">
<html xmlns="http://www.w3.org/1999/xhtml" xml:lang="en" lang="en">
 <head>
  <title>
</title>
<meta http-equiv="Content-Type" content="text/html;charset=utf-8" />
  <meta name='ocr-system' content='tesseract 3.04.00' />
  <meta name='ocr-capabilities' content='ocr_page ocr_carea ocr_par ocr_line ocrx_word'/>
</head>
<body>
  <div class='ocr_page' id='page_1' title='image "./ioanneslydus00lydugoog/ioanneslydus00lydugoog_0043.png"; bbox 0 0 2934 4868; ppageno 0'>
   <div class='ocr_carea' id='block_1_1' title="bbox 305 343 1118 418">
    <p class='ocr_par' dir='ltr' id='par_1_1' title="bbox 305 343 1118 418">
     <span class='ocr_line' id='line_1_1' title="bbox 305 343 1118 418; baseline -0.009 1"><span class='ocrx_word' id='word_1_1' title='bbox 305 367 433 418; x_wconf 82' lang='lat' dir='ltr'><strong>mvm</strong></span> <span class='ocrx_word' id='word_1_2' title='bbox 595 344 710 418; x_wconf 77' lang='lat' dir='ltr'>HASH</span> <span class='ocrx_word' id='word_1_3' title='bbox 732 345 792 416; x_wconf 89' lang='lat' dir='ltr'><strong>DE</strong></span> <span class='ocrx_word' id='word_1_4' title='bbox 815 343 975 412; x_wconf 71' lang='lat' dir='ltr'><strong>tostum</strong></span> <span class='ocrx_word' id='word_1_5' title='bbox 998 343 1118 412; x_wconf 73' lang='lat' dir='ltr'><strong>troo</strong></span> 
     </span>
    </p>
   </div>
   <div class='ocr_carea' id='block_1_2' title="bbox 306 543 1426 634">
    <p class='ocr_par' dir='ltr' id='par_1_2' title="bbox 306 543 1426 634">
     <span class='ocr_line' id='line_1_2' title="bbox 306 543 1426 634; baseline -0.002 -24"><span class='ocrx_word' id='word_1_6' title='bbox 306 543 611 623; x_wconf 77' lang='lat' dir='ltr'><strong>fortunabicetiam,</strong></span> <span class='ocrx_word' id='word_1_7' title='bbox 631 557 666 634; x_wconf 85' lang='lat' dir='ltr'><strong>ut</strong></span> <span class='ocrx_word' id='word_1_8' title='bbox 680 565 788 627; x_wconf 82' lang='lat' dir='ltr'><strong>saepe,</strong></span> <span class='ocrx_word' id='word_1_9' title='bbox 816 561 1032 628; x_wconf 88' lang='lat' dir='ltr'><strong>parumaequa</strong></span> <span class='ocrx_word' id='word_1_10' title='bbox 1049 545 1117 606; x_wconf 83' lang='lat' dir='ltr'><strong>init.</strong></span> <span class='ocrx_word' id='word_1_11' title='bbox 1159 561 1233 606; x_wconf 86' lang='lat' dir='ltr'><strong>nam</strong></span> <span class='ocrx_word' id='word_1_12' title='bbox 1250 563 1346 623; x_wconf 90' lang='lat' dir='ltr'><strong>cum,</strong></span> <span class='ocrx_word' id='word_1_13' title='bbox 1382 557 1426 608; x_wconf 86' lang='lat' dir='ltr'><strong>ut</strong></span> 
     </span>
    </p>
   </div>
   <div class='ocr_carea' id='block_1_3' title="bbox 23 647 1440 4411">
    <p class='ocr_par' dir='ltr' id='par_1_3' title="bbox 308 647 1425 1138">
     <span class='ocr_line' id='line_1_3' title="bbox 309 647 1424 730; baseline -0.002 -20"><span class='ocrx_word' id='word_1_14' title='bbox 309 649 499 726; x_wconf 86' lang='lat' dir='ltr'><strong>dictumest,</strong></span> <span class='ocrx_word' id='word_1_15' title='bbox 528 651 648 730; x_wconf 74' lang='lat' dir='ltr'><strong>cpolim</strong></span> <span class='ocrx_word' id='word_1_16' title='bbox 667 651 778 710; x_wconf 87' lang='lat' dir='ltr'><strong>missus</strong></span> <span class='ocrx_word' id='word_1_17' title='bbox 801 659 896 726; x_wconf 81' lang='lat' dir='ltr'><strong>esset,</strong></span> <span class='ocrx_word' id='word_1_18' title='bbox 927 647 1130 730; x_wconf 87' lang='lat' dir='ltr'><strong>dilectamque</strong></span> <span class='ocrx_word' id='word_1_19' title='bbox 1146 667 1233 708; x_wconf 88' lang='lat' dir='ltr'><strong>auam</strong></span> <span class='ocrx_word' id='word_1_20' title='bbox 1247 649 1424 708; x_wconf 76' lang='lat' dir='ltr'><strong>Graeciam</strong></span> 
     </span>
     <span class='ocr_line' id='line_1_4' title="bbox 308 747 1423 834; baseline -0.002 -22"><span class='ocrx_word' id='word_1_21' title='bbox 308 754 392 812; x_wconf 83' lang='lat' dir='ltr'><strong>velut</strong></span> <span class='ocrx_word' id='word_1_22' title='bbox 404 751 606 832; x_wconf 84' lang='lat' dir='ltr'><strong>redintegrato</strong></span> <span class='ocrx_word' id='word_1_23' title='bbox 625 771 727 812; x_wconf 87' lang='lat' dir='ltr'><strong>amore</strong></span> <span class='ocrx_word' id='word_1_24' title='bbox 747 752 993 834; x_wconf 85' lang='lat' dir='ltr'><strong>complecteretur</strong></span> <span class='ocrx_word' id='word_1_25' title='bbox 1015 749 1073 831; x_wconf 85' lang='lat' dir='ltr'><strong>(eo</strong></span> <span class='ocrx_word' id='word_1_26' title='bbox 1090 749 1201 812; x_wconf 84' lang='lat' dir='ltr'><strong>melius</strong></span> <span class='ocrx_word' id='word_1_27' title='bbox 1216 769 1277 832; x_wconf 91' lang='lat' dir='ltr'><strong>quo</strong></span> <span class='ocrx_word' id='word_1_28' title='bbox 1292 747 1423 832; x_wconf 77' lang='lat' dir='ltr'><strong>publici</strong></span> 
     </span>
     <span class='ocr_line' id='line_1_5' title="bbox 309 849 1425 934; baseline -0.002 -18"><span class='ocrx_word' id='word_1_29' title='bbox 309 857 445 916; x_wconf 84' lang='lat' dir='ltr'><strong>muneris</strong></span> <span class='ocrx_word' id='word_1_30' title='bbox 462 855 619 914; x_wconf 87' lang='lat' dir='ltr'><strong>auctoritas</strong></span> <span class='ocrx_word' id='word_1_31' title='bbox 633 855 828 934; x_wconf 80' lang='lat' dir='ltr'><strong>opportunior</strong></span> <span class='ocrx_word' id='word_1_32' title='bbox 844 851 930 932; x_wconf 89' lang='lat' dir='ltr'><strong>erat),</strong></span> <span class='ocrx_word' id='word_1_33' title='bbox 951 849 1135 933; x_wconf 90' lang='lat' dir='ltr'><strong>haberetque</strong></span> <span class='ocrx_word' id='word_1_34' title='bbox 1147 870 1250 914; x_wconf 86' lang='lat' dir='ltr'><strong>aecum</strong></span> <span class='ocrx_word' id='word_1_35' title='bbox 1264 851 1425 914; x_wconf 60' lang='lat' dir='ltr'><strong>eruditis-t</strong></span> 
     </span>
     <span class='ocr_line' id='line_1_6' title="bbox 309 953 1421 1031; baseline -0.004 -13"><span class='ocrx_word' id='word_1_36' title='bbox 309 958 422 1018; x_wconf 87' lang='lat' dir='ltr'><strong>simum</strong></span> <span class='ocrx_word' id='word_1_37' title='bbox 436 953 593 1018; x_wconf 88' lang='lat' dir='ltr'><strong>hominem</strong></span> <span class='ocrx_word' id='word_1_38' title='bbox 605 958 752 1015; x_wconf 87' lang='lat' dir='ltr'><strong>loannem</strong></span> <span class='ocrx_word' id='word_1_39' title='bbox 765 957 801 1014; x_wconf 86' lang='lat' dir='ltr'><strong>B.</strong></span> <span class='ocrx_word' id='word_1_40' title='bbox 816 955 851 1015; x_wconf 79' lang='lat' dir='ltr'><strong>G.</strong></span> <span class='ocrx_word' id='word_1_41' title='bbox 866 953 992 1016; x_wconf 85' lang='lat' dir='ltr'><strong>d&#39;Ansse</strong></span> <span class='ocrx_word' id='word_1_42' title='bbox 1010 953 1047 1014; x_wconf 86' lang='lat' dir='ltr'><strong>de</strong></span> <span class='ocrx_word' id='word_1_43' title='bbox 1062 955 1218 1031; x_wconf 87' lang='lat' dir='ltr'><strong>Villoison,</strong></span> <span class='ocrx_word' id='word_1_44' title='bbox 1238 956 1275 1031; x_wconf 85' lang='lat' dir='ltr'><strong>ia,</strong></span> <span class='ocrx_word' id='word_1_45' title='bbox 1293 965 1331 1014; x_wconf 88' lang='lat' dir='ltr'><strong>nt</strong></span> <span class='ocrx_word' id='word_1_46' title='bbox 1346 965 1421 1013; x_wconf 87' lang='lat' dir='ltr'><strong>erat</strong></span> 
     </span>
     <span class='ocr_line' id='line_1_7' title="bbox 310 1055 1420 1138; baseline -0.001 -22"><span class='ocrx_word' id='word_1_47' title='bbox 310 1059 474 1118; x_wconf 86' lang='lat' dir='ltr'><strong>acerrimus</strong></span> <span class='ocrx_word' id='word_1_48' title='bbox 496 1057 688 1138; x_wconf 89' lang='lat' dir='ltr'><strong>antiquorum</strong></span> <span class='ocrx_word' id='word_1_49' title='bbox 709 1055 849 1118; x_wconf 86' lang='lat' dir='ltr'><strong>codicmu</strong></span> <span class='ocrx_word' id='word_1_50' title='bbox 863 1059 1074 1136; x_wconf 74' lang='lat' dir='ltr'><strong>investigator,</strong></span> <span class='ocrx_word' id='word_1_51' title='bbox 1100 1059 1286 1118; x_wconf 77' lang='lat' dir='ltr'><strong>Graecorum</strong></span> <span class='ocrx_word' id='word_1_52' title='bbox 1297 1075 1420 1116; x_wconf 91' lang='lat' dir='ltr'><strong>mona-</strong></span> 
     </span>
    </p>

    <p class='ocr_par' dir='ltr' id='par_1_4' title="bbox 178 1156 1420 2771">
     <span class='ocr_line' id='line_1_8' title="bbox 178 1156 1420 1240; baseline 0.002 -24"><span class='ocrx_word' id='word_1_53' title='bbox 178 1180 206 1234; x_wconf 90' lang='lat' dir='ltr'><strong>p.</strong></span> <span class='ocrx_word' id='word_1_54' title='bbox 221 1174 296 1218; x_wconf 81' lang='lat' dir='ltr'><strong>amr</strong></span> <span class='ocrx_word' id='word_1_55' title='bbox 311 1161 402 1220; x_wconf 86' lang='lat' dir='ltr'><strong>steria</strong></span> <span class='ocrx_word' id='word_1_56' title='bbox 415 1156 579 1239; x_wconf 79' lang='lat' dir='ltr'><strong>percupide</strong></span> <span class='ocrx_word' id='word_1_57' title='bbox 593 1156 727 1240; x_wconf 89' lang='lat' dir='ltr'><strong>quidem,</strong></span> <span class='ocrx_word' id='word_1_58' title='bbox 744 1157 799 1219; x_wconf 86' lang='lat' dir='ltr'><strong>sed</strong></span> <span class='ocrx_word' id='word_1_59' title='bbox 811 1160 922 1220; x_wconf 80' lang='lat' dir='ltr'><strong>frustra</strong></span> <span class='ocrx_word' id='word_1_60' title='bbox 934 1161 1128 1220; x_wconf 81' lang='lat' dir='ltr'><strong>concurrerit.</strong></span> <span class='ocrx_word' id='word_1_61' title='bbox 1170 1179 1240 1222; x_wconf 88' lang='lat' dir='ltr'><strong>cum</strong></span> <span class='ocrx_word' id='word_1_62' title='bbox 1253 1167 1358 1218; x_wconf 86' lang='lat' dir='ltr'><strong>antem</strong></span> <span class='ocrx_word' id='word_1_63' title='bbox 1372 1157 1420 1218; x_wconf 90' lang='lat' dir='ltr'><strong>ad</strong></span> 
     </span>
     <span class='ocr_line' id='line_1_9' title="bbox 310 1259 1418 1341; baseline -0.001 -20"><span class='ocrx_word' id='word_1_64' title='bbox 310 1263 480 1341; x_wconf 78' lang='lat' dir='ltr'><strong>Bosporum</strong></span> <span class='ocrx_word' id='word_1_65' title='bbox 492 1263 526 1320; x_wconf 88' lang='lat' dir='ltr'><strong>in</strong></span> <span class='ocrx_word' id='word_1_66' title='bbox 541 1259 713 1320; x_wconf 86' lang='lat' dir='ltr'><strong>suburbano</strong></span> <span class='ocrx_word' id='word_1_67' title='bbox 727 1261 834 1320; x_wconf 81' lang='lat' dir='ltr'><strong>Graeci</strong></span> <span class='ocrx_word' id='word_1_68' title='bbox 849 1259 1006 1321; x_wconf 84' lang='lat' dir='ltr'><strong>cuiusdam</strong></span> <span class='ocrx_word' id='word_1_69' title='bbox 1024 1261 1137 1322; x_wconf 85' lang='lat' dir='ltr'><strong>literati</strong></span> <span class='ocrx_word' id='word_1_70' title='bbox 1161 1281 1202 1322; x_wconf 82' lang='lat' dir='ltr'><strong>ax</strong></span> <span class='ocrx_word' id='word_1_71' title='bbox 1221 1261 1418 1323; x_wconf 72' lang='lat' dir='ltr'><strong>Constantini</strong></span> 
     </span>
     <span class='ocr_line' id='line_1_10' title="bbox 310 1361 1416 1446; baseline -0.002 -22"><span class='ocrx_word' id='word_1_72' title='bbox 310 1365 425 1425; x_wconf 76' lang='lat' dir='ltr'><strong>atoma</strong></span> <span class='ocrx_word' id='word_1_73' title='bbox 449 1363 593 1442; x_wconf 90' lang='lat' dir='ltr'><strong>principis</strong></span> <span class='ocrx_word' id='word_1_74' title='bbox 618 1361 764 1423; x_wconf 86' lang='lat' dir='ltr'><strong>affinitate</strong></span> <span class='ocrx_word' id='word_1_75' title='bbox 783 1364 878 1424; x_wconf 89' lang='lat' dir='ltr'><strong>libros</strong></span> <span class='ocrx_word' id='word_1_76' title='bbox 901 1362 1050 1446; x_wconf 86' lang='lat' dir='ltr'><strong>quosdam</strong></span> <span class='ocrx_word' id='word_1_77' title='bbox 1070 1375 1185 1425; x_wconf 74' lang='lat' dir='ltr'><strong>veteres</strong></span> <span class='ocrx_word' id='word_1_78' title='bbox 1205 1373 1416 1446; x_wconf 84' lang='lat' dir='ltr'><strong>pertractaret,</strong></span> 
     </span>
     <span class='ocr_line' id='line_1_11' title="bbox 308 1461 1416 1549; baseline -0.003 -23"><span class='ocrx_word' id='word_1_79' title='bbox 308 1465 427 1526; x_wconf 84' lang='lat' dir='ltr'><strong>invenit</strong></span> <span class='ocrx_word' id='word_1_80' title='bbox 441 1483 511 1522; x_wconf 89' lang='lat' dir='ltr'><strong>oum</strong></span> <span class='ocrx_word' id='word_1_81' title='bbox 524 1465 598 1524; x_wconf 89' lang='lat' dir='ltr'><strong>alios</strong></span> <span class='ocrx_word' id='word_1_82' title='bbox 609 1465 774 1544; x_wconf 88' lang='lat' dir='ltr'><strong>pretiosos,</strong></span> <span class='ocrx_word' id='word_1_83' title='bbox 798 1475 866 1528; x_wconf 88' lang='lat' dir='ltr'><strong>tum</strong></span> <span class='ocrx_word' id='word_1_84' title='bbox 883 1467 915 1528; x_wconf 84' lang='lat' dir='ltr'><strong>tn</strong></span> <span class='ocrx_word' id='word_1_85' title='bbox 928 1467 1035 1547; x_wconf 87' lang='lat' dir='ltr'><strong>primis</strong></span> <span class='ocrx_word' id='word_1_86' title='bbox 1052 1486 1148 1526; x_wconf 87' lang='lat' dir='ltr'><strong>unum</strong></span> <span class='ocrx_word' id='word_1_87' title='bbox 1164 1465 1244 1549; x_wconf 82' lang='lat' dir='ltr'><strong>bydi</strong></span> <span class='ocrx_word' id='word_1_88' title='bbox 1259 1483 1352 1545; x_wconf 87' lang='lat' dir='ltr'><strong>opera</strong></span> <span class='ocrx_word' id='word_1_89' title='bbox 1373 1461 1416 1524; x_wconf 87' lang='lat' dir='ltr'><strong>de</strong></span> 
     </span>
     <span class='ocr_line' id='line_1_12' title="bbox 310 1562 1415 1656; baseline 0 -28"><span class='ocrx_word' id='word_1_90' title='bbox 310 1567 443 1628; x_wconf 82' lang='lat' dir='ltr'><strong>Ostentis</strong></span> <span class='ocrx_word' id='word_1_91' title='bbox 459 1562 786 1646; x_wconf 84' lang='lat' dir='ltr'><strong>dequellagiatratibus</strong></span> <span class='ocrx_word' id='word_1_92' title='bbox 800 1569 1014 1630; x_wconf 86' lang='lat' dir='ltr'><strong>continentem.</strong></span> <span class='ocrx_word' id='word_1_93' title='bbox 1057 1566 1138 1630; x_wconf 89' lang='lat' dir='ltr'><strong>huno</strong></span> <span class='ocrx_word' id='word_1_94' title='bbox 1153 1571 1255 1656; x_wconf 73' lang='lat' dir='ltr'><strong>statim</strong></span> <span class='ocrx_word' id='word_1_95' title='bbox 1266 1569 1415 1628; x_wconf 83' lang='lat' dir='ltr'><strong>illustris-</strong></span> 
     </span>
     <span class='ocr_line' id='line_1_13' title="bbox 310 1666 1414 1752; baseline -0.002 -22"><span class='ocrx_word' id='word_1_96' title='bbox 310 1669 391 1730; x_wconf 82' lang='lat' dir='ltr'><strong>simo</strong></span> <span class='ocrx_word' id='word_1_97' title='bbox 404 1667 504 1748; x_wconf 85' lang='lat' dir='ltr'><strong>legato</strong></span> <span class='ocrx_word' id='word_1_98' title='bbox 520 1666 558 1728; x_wconf 91' lang='lat' dir='ltr'><strong>de</strong></span> <span class='ocrx_word' id='word_1_99' title='bbox 574 1667 717 1730; x_wconf 82' lang='lat' dir='ltr'><strong>Ghoisenl</strong></span> <span class='ocrx_word' id='word_1_100' title='bbox 730 1667 863 1749; x_wconf 78' lang='lat' dir='ltr'><strong>indicat3</strong></span> <span class='ocrx_word' id='word_1_101' title='bbox 895 1672 949 1752; x_wconf 90' lang='lat' dir='ltr'><strong>qui</strong></span> <span class='ocrx_word' id='word_1_102' title='bbox 964 1689 1034 1730; x_wconf 91' lang='lat' dir='ltr'><strong>cum</strong></span> <span class='ocrx_word' id='word_1_103' title='bbox 1048 1671 1242 1750; x_wconf 83' lang='lat' dir='ltr'><strong>significasset</strong></span> <span class='ocrx_word' id='word_1_104' title='bbox 1256 1689 1290 1730; x_wconf 88' lang='lat' dir='ltr'><strong>sa</strong></span> <span class='ocrx_word' id='word_1_105' title='bbox 1304 1672 1339 1728; x_wconf 88' lang='lat' dir='ltr'><strong>ia</strong></span> <span class='ocrx_word' id='word_1_106' title='bbox 1356 1667 1414 1728; x_wconf 87' lang='lat' dir='ltr'><strong>de-</strong></span> 
     </span>
     <span class='ocr_line' id='line_1_14' title="bbox 310 1768 1414 1854; baseline 0 -23"><span class='ocrx_word' id='word_1_107' title='bbox 310 1768 421 1831; x_wconf 82' lang='lat' dir='ltr'><strong>siderio</strong></span> <span class='ocrx_word' id='word_1_108' title='bbox 443 1789 508 1830; x_wconf 83' lang='lat' dir='ltr'><strong>esse</strong></span> <span class='ocrx_word' id='word_1_109' title='bbox 528 1770 594 1830; x_wconf 85' lang='lat' dir='ltr'><strong>eius</strong></span> <span class='ocrx_word' id='word_1_110' title='bbox 609 1769 736 1848; x_wconf 84' lang='lat' dir='ltr'><strong>codicis,</strong></span> <span class='ocrx_word' id='word_1_111' title='bbox 765 1793 836 1834; x_wconf 88' lang='lat' dir='ltr'><strong>eum</strong></span> <span class='ocrx_word' id='word_1_112' title='bbox 855 1773 948 1854; x_wconf 91' lang='lat' dir='ltr'><strong>paulo</strong></span> <span class='ocrx_word' id='word_1_113' title='bbox 968 1782 1036 1854; x_wconf 87' lang='lat' dir='ltr'><strong>post</strong></span> <span class='ocrx_word' id='word_1_114' title='bbox 1055 1793 1073 1832; x_wconf 92' lang='lat' dir='ltr'><strong>a</strong></span> <span class='ocrx_word' id='word_1_115' title='bbox 1089 1773 1280 1834; x_wconf 82' lang='lat' dir='ltr'><strong>Constantino</strong></span> <span class='ocrx_word' id='word_1_116' title='bbox 1295 1771 1414 1832; x_wconf 80' lang='lat' dir='ltr'><strong>Manui</strong></span> 
     </span>
     <span class='ocr_line' id='line_1_15' title="bbox 309 1869 1412 1954; baseline 0.002 -22"><span class='ocrx_word' id='word_1_117' title='bbox 309 1872 446 1954; x_wconf 87' lang='lat' dir='ltr'><strong>principe</strong></span> <span class='ocrx_word' id='word_1_118' title='bbox 463 1869 542 1931; x_wconf 89' lang='lat' dir='ltr'><strong>dono</strong></span> <span class='ocrx_word' id='word_1_119' title='bbox 556 1875 681 1952; x_wconf 89' lang='lat' dir='ltr'><strong>accepit.</strong></span> <span class='ocrx_word' id='word_1_120' title='bbox 714 1885 778 1935; x_wconf 86' lang='lat' dir='ltr'><strong>erat</strong></span> <span class='ocrx_word' id='word_1_121' title='bbox 790 1877 909 1938; x_wconf 87' lang='lat' dir='ltr'><strong>enimis</strong></span> <span class='ocrx_word' id='word_1_122' title='bbox 925 1877 1136 1936; x_wconf 72' lang='lat' dir='ltr'><strong>Constantinus</strong></span> <span class='ocrx_word' id='word_1_123' title='bbox 1149 1875 1205 1934; x_wconf 82' lang='lat' dir='ltr'><strong>liei</strong></span> <span class='ocrx_word' id='word_1_124' title='bbox 1217 1875 1331 1934; x_wconf 83' lang='lat' dir='ltr'><strong>blorusi</strong></span> <span class='ocrx_word' id='word_1_125' title='bbox 1344 1883 1412 1934; x_wconf 90' lang='lat' dir='ltr'><strong>tum</strong></span> 
     </span>
     <span class='ocr_line' id='line_1_16' title="bbox 309 1973 1411 2056; baseline -0.001 -21"><span class='ocrx_word' id='word_1_126' title='bbox 309 1975 376 2054; x_wconf 88' lang='lat' dir='ltr'><strong>ipae</strong></span> <span class='ocrx_word' id='word_1_127' title='bbox 390 1983 478 2032; x_wconf 87' lang='lat' dir='ltr'><strong>acuto</strong></span> <span class='ocrx_word' id='word_1_128' title='bbox 492 1982 522 2031; x_wconf 90' lang='lat' dir='ltr'><strong>et</strong></span> <span class='ocrx_word' id='word_1_129' title='bbox 534 1973 657 2035; x_wconf 90' lang='lat' dir='ltr'><strong>subacto</strong></span> <span class='ocrx_word' id='word_1_130' title='bbox 671 1977 813 2056; x_wconf 81' lang='lat' dir='ltr'><strong>ingenio,</strong></span> <span class='ocrx_word' id='word_1_131' title='bbox 836 1987 902 2038; x_wconf 90' lang='lat' dir='ltr'><strong>tum</strong></span> <span class='ocrx_word' id='word_1_132' title='bbox 923 1975 1066 2036; x_wconf 79' lang='lat' dir='ltr'><strong>adversus</strong></span> <span class='ocrx_word' id='word_1_133' title='bbox 1083 1976 1216 2038; x_wconf 73' lang='lat' dir='ltr'><strong>literatos</strong></span> <span class='ocrx_word' id='word_1_134' title='bbox 1230 1973 1329 2037; x_wconf 87' lang='lat' dir='ltr'><strong>studio</strong></span> <span class='ocrx_word' id='word_1_135' title='bbox 1345 1978 1411 2036; x_wconf 89' lang='lat' dir='ltr'><strong>sin-</strong></span> 
     </span>
     <span class='ocr_line' id='line_1_17' title="bbox 310 2075 1411 2159; baseline 0.005 -27"><span class='ocrx_word' id='word_1_136' title='bbox 310 2075 429 2154; x_wconf 76' lang='lat' dir='ltr'><strong>gulsr13</strong></span> <span class='ocrx_word' id='word_1_137' title='bbox 461 2092 589 2155; x_wconf 91' lang='lat' dir='ltr'><strong>cumque</strong></span> <span class='ocrx_word' id='word_1_138' title='bbox 611 2077 702 2156; x_wconf 92' lang='lat' dir='ltr'><strong>paulo</strong></span> <span class='ocrx_word' id='word_1_139' title='bbox 715 2089 787 2140; x_wconf 84' lang='lat' dir='ltr'><strong>ants</strong></span> <span class='ocrx_word' id='word_1_140' title='bbox 801 2078 978 2144; x_wconf 89' lang='lat' dir='ltr'><strong>Valachiam</strong></span> <span class='ocrx_word' id='word_1_141' title='bbox 991 2097 1109 2138; x_wconf 86' lang='lat' dir='ltr'><strong>summo</strong></span> <span class='ocrx_word' id='word_1_142' title='bbox 1125 2099 1194 2140; x_wconf 91' lang='lat' dir='ltr'><strong>cum</strong></span> <span class='ocrx_word' id='word_1_143' title='bbox 1209 2081 1335 2159; x_wconf 87' lang='lat' dir='ltr'><strong>imperio</strong></span> <span class='ocrx_word' id='word_1_144' title='bbox 1354 2077 1411 2138; x_wconf 90' lang='lat' dir='ltr'><strong>ad·</strong></span> 
     </span>
     <span class='ocr_line' id='line_1_18' title="bbox 310 2178 1409 2262; baseline 0 -24"><span class='ocrx_word' id='word_1_145' title='bbox 310 2178 524 2253; x_wconf 78' lang='lat' dir='ltr'><strong>ministrasset,</strong></span> <span class='ocrx_word' id='word_1_146' title='bbox 562 2186 635 2238; x_wconf 89' lang='lat' dir='ltr'><strong>tunc</strong></span> <span class='ocrx_word' id='word_1_147' title='bbox 654 2181 686 2238; x_wconf 88' lang='lat' dir='ltr'><strong>in</strong></span> <span class='ocrx_word' id='word_1_148' title='bbox 706 2178 802 2242; x_wconf 83' lang='lat' dir='ltr'><strong>bortis</strong></span> <span class='ocrx_word' id='word_1_149' title='bbox 825 2181 865 2241; x_wconf 89' lang='lat' dir='ltr'><strong>ad</strong></span> <span class='ocrx_word' id='word_1_150' title='bbox 884 2183 1053 2262; x_wconf 86' lang='lat' dir='ltr'><strong>Bosporum</strong></span> <span class='ocrx_word' id='word_1_151' title='bbox 1076 2182 1296 2242; x_wconf 81' lang='lat' dir='ltr'><strong>amoenissimis</strong></span> <span class='ocrx_word' id='word_1_152' title='bbox 1316 2181 1409 2262; x_wconf 84' lang='lat' dir='ltr'><strong>inque</strong></span> 
     </span>
     <span class='ocr_line' id='line_1_19' title="bbox 310 2278 1408 2365; baseline 0 -25"><span class='ocrx_word' id='word_1_153' title='bbox 310 2278 438 2340; x_wconf 83' lang='lat' dir='ltr'><strong>mirifica</strong></span> <span class='ocrx_word' id='word_1_154' title='bbox 452 2279 597 2342; x_wconf 86' lang='lat' dir='ltr'><strong>librorum</strong></span> <span class='ocrx_word' id='word_1_155' title='bbox 611 2300 734 2343; x_wconf 82' lang='lat' dir='ltr'><strong>suorum</strong></span> <span class='ocrx_word' id='word_1_156' title='bbox 747 2282 929 2345; x_wconf 88' lang='lat' dir='ltr'><strong>bibliotheca</strong></span> <span class='ocrx_word' id='word_1_157' title='bbox 940 2283 1084 2343; x_wconf 78' lang='lat' dir='ltr'><strong>felicitate</strong></span> <span class='ocrx_word' id='word_1_158' title='bbox 1097 2286 1195 2362; x_wconf 86' lang='lat' dir='ltr'><strong>magis</strong></span> <span class='ocrx_word' id='word_1_159' title='bbox 1207 2283 1307 2342; x_wconf 86' lang='lat' dir='ltr'><strong>stabili</strong></span> <span class='ocrx_word' id='word_1_160' title='bbox 1318 2301 1408 2365; x_wconf 89' lang='lat' dir='ltr'><strong>quam</strong></span> 
     </span>
     <span class='ocr_line' id='line_1_20' title="bbox 309 2383 1406 2469; baseline 0.003 -30"><span class='ocrx_word' id='word_1_161' title='bbox 309 2397 446 2462; x_wconf 85' lang='lat' dir='ltr'><strong>unquam</strong></span> <span class='ocrx_word' id='word_1_162' title='bbox 460 2393 548 2442; x_wconf 88' lang='lat' dir='ltr'><strong>antea</strong></span> <span class='ocrx_word' id='word_1_163' title='bbox 562 2383 728 2469; x_wconf 79' lang='lat' dir='ltr'><strong>fruebatur.</strong></span> <span class='ocrx_word' id='word_1_164' title='bbox 769 2387 811 2446; x_wconf 87' lang='lat' dir='ltr'><strong>ita</strong></span> <span class='ocrx_word' id='word_1_165' title='bbox 831 2384 888 2447; x_wconf 91' lang='lat' dir='ltr'><strong>hos</strong></span> <span class='ocrx_word' id='word_1_166' title='bbox 910 2386 1111 2466; x_wconf 82' lang='lat' dir='ltr'><strong>amplissimos</strong></span> <span class='ocrx_word' id='word_1_167' title='bbox 1130 2387 1240 2462; x_wconf 86' lang='lat' dir='ltr'><strong>riros,</strong></span> <span class='ocrx_word' id='word_1_168' title='bbox 1260 2404 1335 2467; x_wconf 87' lang='lat' dir='ltr'><strong>quos</strong></span> <span class='ocrx_word' id='word_1_169' title='bbox 1347 2387 1406 2443; x_wconf 89' lang='lat' dir='ltr'><strong>ium</strong></span> 
     </span>
     <span class='ocr_line' id='line_1_21' title="bbox 311 2481 1407 2568; baseline 0 -24"><span class='ocrx_word' id='word_1_170' title='bbox 311 2485 477 2544; x_wconf 83' lang='lat' dir='ltr'><strong>sociaverat</strong></span> <span class='ocrx_word' id='word_1_171' title='bbox 490 2481 658 2546; x_wconf 87' lang='lat' dir='ltr'><strong>studiorum</strong></span> <span class='ocrx_word' id='word_1_172' title='bbox 670 2486 847 2565; x_wconf 83' lang='lat' dir='ltr'><strong>similitudo,</strong></span> <span class='ocrx_word' id='word_1_173' title='bbox 868 2497 935 2547; x_wconf 86' lang='lat' dir='ltr'><strong>tum</strong></span> <span class='ocrx_word' id='word_1_174' title='bbox 946 2488 1044 2568; x_wconf 85' lang='lat' dir='ltr'><strong>magis</strong></span> <span class='ocrx_word' id='word_1_175' title='bbox 1059 2489 1150 2546; x_wconf 88' lang='lat' dir='ltr'><strong>etiam</strong></span> <span class='ocrx_word' id='word_1_176' title='bbox 1164 2490 1319 2548; x_wconf 88' lang='lat' dir='ltr'><strong>coniunxit</strong></span> <span class='ocrx_word' id='word_1_177' title='bbox 1329 2486 1407 2568; x_wconf 82' lang='lat' dir='ltr'><strong>Lydi</strong></span> 
     </span>
     <span class='ocr_line' id='line_1_22' title="bbox 310 2583 1406 2670; baseline 0 -24"><span class='ocrx_word' id='word_1_178' title='bbox 310 2583 390 2646; x_wconf 88' lang='lat' dir='ltr'><strong>liber</strong></span> <span class='ocrx_word' id='word_1_179' title='bbox 404 2584 484 2647; x_wconf 91' lang='lat' dir='ltr'><strong>dono</strong></span> <span class='ocrx_word' id='word_1_180' title='bbox 497 2588 608 2647; x_wconf 86' lang='lat' dir='ltr'><strong>missua</strong></span> <span class='ocrx_word' id='word_1_181' title='bbox 624 2597 655 2648; x_wconf 89' lang='lat' dir='ltr'><strong>et</strong></span> <span class='ocrx_word' id='word_1_182' title='bbox 671 2599 820 2668; x_wconf 76' lang='lat' dir='ltr'><strong>acceptus,</strong></span> <span class='ocrx_word' id='word_1_183' title='bbox 843 2587 1101 2670; x_wconf 87' lang='lat' dir='ltr'><strong>quemadmodum</strong></span> <span class='ocrx_word' id='word_1_184' title='bbox 1117 2591 1247 2670; x_wconf 88' lang='lat' dir='ltr'><strong>antiquis</strong></span> <span class='ocrx_word' id='word_1_185' title='bbox 1262 2591 1406 2667; x_wconf 87' lang='lat' dir='ltr'><strong>tempori-</strong></span> 
     </span>
     <span class='ocr_line' id='line_1_23' title="bbox 310 2685 1405 2771; baseline 0.003 -24"><span class='ocrx_word' id='word_1_186' title='bbox 310 2685 379 2764; x_wconf 87' lang='lat' dir='ltr'><strong>bus,</strong></span> <span class='ocrx_word' id='word_1_187' title='bbox 401 2687 532 2771; x_wconf 89' lang='lat' dir='ltr'><strong>adquae</strong></span> <span class='ocrx_word' id='word_1_188' title='bbox 546 2709 637 2770; x_wconf 86' lang='lat' dir='ltr'><strong>saepe</strong></span> <span class='ocrx_word' id='word_1_189' title='bbox 652 2692 788 2750; x_wconf 89' lang='lat' dir='ltr'><strong>animum</strong></span> <span class='ocrx_word' id='word_1_190' title='bbox 801 2691 849 2750; x_wconf 88' lang='lat' dir='ltr'><strong>illi</strong></span> <span class='ocrx_word' id='word_1_191' title='bbox 863 2692 1033 2750; x_wconf 82' lang='lat' dir='ltr'><strong>referebant</strong></span> <span class='ocrx_word' id='word_1_192' title='bbox 1047 2711 1144 2768; x_wconf 83' lang='lat' dir='ltr'><strong>suum,</strong></span> <span class='ocrx_word' id='word_1_193' title='bbox 1159 2691 1254 2750; x_wconf 84' lang='lat' dir='ltr'><strong>claros</strong></span> <span class='ocrx_word' id='word_1_194' title='bbox 1270 2689 1405 2750; x_wconf 86' lang='lat' dir='ltr'><strong>homines</strong></span> 
     </span>
    </p>

    <p class='ocr_par' dir='ltr' id='par_1_5' title="bbox 310 2788 1283 2874">
     <span class='ocr_line' id='line_1_24' title="bbox 310 2788 1283 2874; baseline 0 -22"><span class='ocrx_word' id='word_1_195' title='bbox 310 2788 441 2871; x_wconf 85' lang='lat' dir='ltr'><strong>legimus</strong></span> <span class='ocrx_word' id='word_1_196' title='bbox 453 2795 554 2853; x_wconf 85' lang='lat' dir='ltr'><strong>xeniis</strong></span> <span class='ocrx_word' id='word_1_197' title='bbox 567 2794 645 2854; x_wconf 87' lang='lat' dir='ltr'><strong>ultro</strong></span> <span class='ocrx_word' id='word_1_198' title='bbox 661 2795 793 2874; x_wconf 84' lang='lat' dir='ltr'><strong>nitroque</strong></span> <span class='ocrx_word' id='word_1_199' title='bbox 810 2790 888 2854; x_wconf 87' lang='lat' dir='ltr'><strong>datis</strong></span> <span class='ocrx_word' id='word_1_200' title='bbox 904 2795 1068 2854; x_wconf 86' lang='lat' dir='ltr'><strong>amicitiem</strong></span> <span class='ocrx_word' id='word_1_201' title='bbox 1082 2792 1283 2853; x_wconf 85' lang='lat' dir='ltr'><strong>confirmasse.</strong></span> 
     </span>
    </p>

    <p class='ocr_par' dir='ltr' id='par_1_6' title="bbox 23 2889 1403 4205">
     <span class='ocr_line' id='line_1_25' title="bbox 248 2889 1403 2978; baseline -0.001 -26"><span class='ocrx_word' id='word_1_202' title='bbox 248 2903 291 2966; x_wconf 80' lang='lat'><strong>29</strong></span> <span class='ocrx_word' id='word_1_203' title='bbox 396 2895 576 2977; x_wconf 80' lang='lat' dir='ltr'><strong>Quanquam</strong></span> <span class='ocrx_word' id='word_1_204' title='bbox 586 2915 625 2956; x_wconf 89' lang='lat' dir='ltr'><strong>ue</strong></span> <span class='ocrx_word' id='word_1_205' title='bbox 637 2898 681 2956; x_wconf 90' lang='lat' dir='ltr'><strong>sic</strong></span> <span class='ocrx_word' id='word_1_206' title='bbox 693 2893 817 2977; x_wconf 88' lang='lat' dir='ltr'><strong>quidem</strong></span> <span class='ocrx_word' id='word_1_207' title='bbox 829 2893 935 2978; x_wconf 79' lang='lat' dir='ltr'><strong>Lydus</strong></span> <span class='ocrx_word' id='word_1_208' title='bbox 950 2897 1052 2956; x_wconf 89' lang='lat' dir='ltr'><strong>statim</strong></span> <span class='ocrx_word' id='word_1_209' title='bbox 1066 2897 1166 2956; x_wconf 90' lang='lat' dir='ltr'><strong>lucem</strong></span> <span class='ocrx_word' id='word_1_210' title='bbox 1181 2896 1308 2975; x_wconf 86' lang='lat' dir='ltr'><strong>aspexit,</strong></span> <span class='ocrx_word' id='word_1_211' title='bbox 1327 2889 1403 2975; x_wconf 89' lang='lat' dir='ltr'><strong>quod</strong></span> 
     </span>
     <span class='ocr_line' id='line_1_26' title="bbox 23 2995 1402 3092; baseline 0.001 -38"><span class='ocrx_word' id='word_1_212' title='bbox 23 3073 26 3092; x_wconf 35' lang='grc'>1</span> <span class='ocrx_word' id='word_1_213' title='bbox 311 2995 345 3054; x_wconf 91' lang='lat' dir='ltr'><strong>in</strong></span> <span class='ocrx_word' id='word_1_214' title='bbox 358 3007 518 3057; x_wconf 86' lang='lat' dir='ltr'><strong>consecuta</strong></span> <span class='ocrx_word' id='word_1_215' title='bbox 533 2999 618 3078; x_wconf 83' lang='lat' dir='ltr'><strong>regni</strong></span> <span class='ocrx_word' id='word_1_216' title='bbox 633 2999 742 3058; x_wconf 79' lang='lat' dir='ltr'><strong>Gallici</strong></span> <span class='ocrx_word' id='word_1_217' title='bbox 756 2999 910 3058; x_wconf 82' lang='lat' dir='ltr'><strong>eversione</strong></span> <span class='ocrx_word' id='word_1_218' title='bbox 924 2999 1084 3081; x_wconf 88' lang='lat' dir='ltr'><strong>subitoque</strong></span> <span class='ocrx_word' id='word_1_219' title='bbox 1097 3017 1185 3074; x_wconf 85' lang='lat' dir='ltr'><strong>caru,</strong></span> <span class='ocrx_word' id='word_1_220' title='bbox 1215 3015 1275 3078; x_wconf 93' lang='lat' dir='ltr'><strong>quo</strong></span> <span class='ocrx_word' id='word_1_221' title='bbox 1290 2997 1402 3074; x_wconf 79' lang='lat' dir='ltr'><strong>Europa</strong></span> 
     </span>
     <span class='ocr_line' id='line_1_27' title="bbox 77 3097 1402 3181; baseline 0 -25"><span class='ocrx_word' id='word_1_222' title='bbox 77 3111 80 3119; x_wconf 74' lang='grc'>’</span> <span class='ocrx_word' id='word_1_223' title='bbox 180 3115 209 3169; x_wconf 89' lang='lat' dir='ltr'><strong>p.</strong></span> <span class='ocrx_word' id='word_1_224' title='bbox 223 3115 294 3157; x_wconf 82' lang='lat' dir='ltr'><strong>sur</strong></span> <span class='ocrx_word' id='word_1_225' title='bbox 311 3100 411 3160; x_wconf 87' lang='lat' dir='ltr'><strong>omnis</strong></span> <span class='ocrx_word' id='word_1_226' title='bbox 429 3103 624 3178; x_wconf 75' lang='lat' dir='ltr'><strong>contremuit,</strong></span> <span class='ocrx_word' id='word_1_227' title='bbox 656 3101 760 3162; x_wconf 90' lang='lat' dir='ltr'><strong>nullus</strong></span> <span class='ocrx_word' id='word_1_228' title='bbox 780 3097 868 3181; x_wconf 81' lang='lat' dir='ltr'><strong>Lydo</strong></span> <span class='ocrx_word' id='word_1_229' title='bbox 884 3100 970 3162; x_wconf 89' lang='lat' dir='ltr'><strong>locus</strong></span> <span class='ocrx_word' id='word_1_230' title='bbox 986 3111 1149 3181; x_wconf 83' lang='lat' dir='ltr'><strong>supererat.</strong></span> <span class='ocrx_word' id='word_1_231' title='bbox 1191 3117 1264 3158; x_wconf 87' lang='lat' dir='ltr'><strong>uam</strong></span> <span class='ocrx_word' id='word_1_232' title='bbox 1278 3101 1402 3179; x_wconf 85' lang='lat' dir='ltr'><strong>primum</strong></span> 
     </span>
     <span class='ocr_line' id='line_1_28' title="bbox 309 3199 1401 3283; baseline -0.002 -23"><span class='ocrx_word' id='word_1_233' title='bbox 309 3202 375 3279; x_wconf 87' lang='lat' dir='ltr'><strong>ipse</strong></span> <span class='ocrx_word' id='word_1_234' title='bbox 390 3199 501 3262; x_wconf 82' lang='lat' dir='ltr'><strong>codicis</strong></span> <span class='ocrx_word' id='word_1_235' title='bbox 516 3221 688 3283; x_wconf 86' lang='lat' dir='ltr'><strong>possessor,</strong></span> <span class='ocrx_word' id='word_1_236' title='bbox 715 3212 836 3264; x_wconf 81' lang='lat' dir='ltr'><strong>coaotm</strong></span> <span class='ocrx_word' id='word_1_237' title='bbox 857 3206 971 3282; x_wconf 89' lang='lat' dir='ltr'><strong>patriae</strong></span> <span class='ocrx_word' id='word_1_238' title='bbox 988 3203 1063 3264; x_wconf 85' lang='lat' dir='ltr'><strong>fines</strong></span> <span class='ocrx_word' id='word_1_239' title='bbox 1077 3201 1215 3264; x_wconf 87' lang='lat' dir='ltr'><strong>fidelitati</strong></span> <span class='ocrx_word' id='word_1_240' title='bbox 1229 3219 1300 3262; x_wconf 88' lang='lat' dir='ltr'><strong>suae</strong></span> <span class='ocrx_word' id='word_1_241' title='bbox 1314 3201 1401 3260; x_wconf 86' lang='lat' dir='ltr'><strong>iuter-</strong></span> 
     </span>
     <span class='ocr_line' id='line_1_29' title="bbox 310 3299 1399 3388; baseline -0.003 -28"><span class='ocrx_word' id='word_1_242' title='bbox 310 3299 408 3364; x_wconf 89' lang='lat' dir='ltr'><strong>dictos</strong></span> <span class='ocrx_word' id='word_1_243' title='bbox 418 3303 510 3384; x_wconf 86' lang='lat' dir='ltr'><strong>louge</strong></span> <span class='ocrx_word' id='word_1_244' title='bbox 521 3317 698 3386; x_wconf 77' lang='lat' dir='ltr'><strong>respectare,</strong></span> <span class='ocrx_word' id='word_1_245' title='bbox 720 3322 800 3388; x_wconf 84' lang='lat' dir='ltr'><strong>aque</strong></span> <span class='ocrx_word' id='word_1_246' title='bbox 813 3305 965 3383; x_wconf 83' lang='lat' dir='ltr'><strong>legatione</strong></span> <span class='ocrx_word' id='word_1_247' title='bbox 977 3307 1011 3366; x_wconf 87' lang='lat' dir='ltr'><strong>iu</strong></span> <span class='ocrx_word' id='word_1_248' title='bbox 1023 3307 1152 3366; x_wconf 83' lang='lat' dir='ltr'><strong>exilium</strong></span> <span class='ocrx_word' id='word_1_249' title='bbox 1165 3304 1331 3366; x_wconf 78' lang='lat' dir='ltr'><strong>voluntaria</strong></span> <span class='ocrx_word' id='word_1_250' title='bbox 1342 3303 1399 3362; x_wconf 83' lang='lat' dir='ltr'><strong>rice</strong></span> 
     </span>
     <span class='ocr_line' id='line_1_30' title="bbox 311 3400 1400 3489; baseline 0.001 -28"><span class='ocrx_word' id='word_1_251' title='bbox 311 3400 482 3481; x_wconf 84' lang='lat' dir='ltr'><strong>traductsu,</strong></span> <span class='ocrx_word' id='word_1_252' title='bbox 509 3425 529 3466; x_wconf 90' lang='lat' dir='ltr'><strong>a</strong></span> <span class='ocrx_word' id='word_1_253' title='bbox 542 3405 739 3470; x_wconf 69' lang='lat' dir='ltr'><strong>serenissima</strong></span> <span class='ocrx_word' id='word_1_254' title='bbox 752 3408 907 3486; x_wconf 78' lang='lat' dir='ltr'><strong>Augusta,</strong></span> <span class='ocrx_word' id='word_1_255' title='bbox 937 3425 1017 3489; x_wconf 88' lang='lat' dir='ltr'><strong>quae</strong></span> <span class='ocrx_word' id='word_1_256' title='bbox 1030 3418 1103 3470; x_wconf 90' lang='lat' dir='ltr'><strong>tuno</strong></span> <span class='ocrx_word' id='word_1_257' title='bbox 1115 3409 1296 3468; x_wconf 88' lang='lat' dir='ltr'><strong>latissimum</strong></span> <span class='ocrx_word' id='word_1_258' title='bbox 1309 3405 1400 3484; x_wconf 87' lang='lat' dir='ltr'><strong>impe·</strong></span> 
     </span>
     <span class='ocr_line' id='line_1_31' title="bbox 311 3507 1399 3592; baseline -0.003 -26"><span class='ocrx_word' id='word_1_259' title='bbox 311 3507 392 3567; x_wconf 88' lang='lat' dir='ltr'><strong>rium</strong></span> <span class='ocrx_word' id='word_1_260' title='bbox 405 3509 574 3592; x_wconf 89' lang='lat' dir='ltr'><strong>aquilonari</strong></span> <span class='ocrx_word' id='word_1_261' title='bbox 589 3511 679 3592; x_wconf 81' lang='lat' dir='ltr'><strong>plaga</strong></span> <span class='ocrx_word' id='word_1_262' title='bbox 692 3509 823 3590; x_wconf 85' lang='lat' dir='ltr'><strong>gloriose</strong></span> <span class='ocrx_word' id='word_1_263' title='bbox 838 3509 1034 3589; x_wconf 82' lang='lat' dir='ltr'><strong>gubernabat,</strong></span> <span class='ocrx_word' id='word_1_264' title='bbox 1055 3519 1091 3573; x_wconf 89' lang='lat' dir='ltr'><strong>ut</strong></span> <span class='ocrx_word' id='word_1_265' title='bbox 1106 3507 1145 3571; x_wconf 91' lang='lat' dir='ltr'><strong>ad</strong></span> <span class='ocrx_word' id='word_1_266' title='bbox 1160 3527 1229 3570; x_wconf 87' lang='lat' dir='ltr'><strong>eam</strong></span> <span class='ocrx_word' id='word_1_267' title='bbox 1243 3526 1276 3568; x_wconf 86' lang='lat' dir='ltr'><strong>aa</strong></span> <span class='ocrx_word' id='word_1_268' title='bbox 1293 3507 1399 3566; x_wconf 69' lang='lat' dir='ltr'><strong>confer</strong></span> 
     </span>
     <span class='ocr_line' id='line_1_32' title="bbox 310 3595 1397 3697; baseline -0.004 -28"><span class='ocrx_word' id='word_1_269' title='bbox 310 3619 357 3670; x_wconf 88' lang='lat' dir='ltr'><strong>ret</strong></span> <span class='ocrx_word' id='word_1_270' title='bbox 371 3607 672 3674; x_wconf 83' lang='lat' dir='ltr'><strong>honorificentissime</strong></span> <span class='ocrx_word' id='word_1_271' title='bbox 684 3613 828 3674; x_wconf 86' lang='lat' dir='ltr'><strong>inritatus</strong></span> <span class='ocrx_word' id='word_1_272' title='bbox 845 3621 901 3672; x_wconf 85' lang='lat' dir='ltr'><strong>est.</strong></span> <span class='ocrx_word' id='word_1_273' title='bbox 943 3631 1004 3697; x_wconf 90' lang='lat' dir='ltr'><strong>quo</strong></span> <span class='ocrx_word' id='word_1_274' title='bbox 1017 3631 1086 3674; x_wconf 86' lang='lat' dir='ltr'><strong>cum</strong></span> <span class='ocrx_word' id='word_1_275' title='bbox 1099 3595 1280 3685; x_wconf 80' lang='lat' dir='ltr'><strong>secessisset,</strong></span> <span class='ocrx_word' id='word_1_276' title='bbox 1298 3616 1326 3668; x_wconf 89' lang='lat' dir='ltr'><strong>st</strong></span> <span class='ocrx_word' id='word_1_277' title='bbox 1340 3609 1397 3687; x_wconf 86' lang='lat' dir='ltr'><strong>ipra</strong></span> 
     </span>
     <span class='ocr_line' id='line_1_33' title="bbox 311 3707 1397 3796; baseline -0.004 -27"><span class='ocrx_word' id='word_1_278' title='bbox 311 3713 418 3792; x_wconf 89' lang='lat' dir='ltr'><strong>quanti</strong></span> <span class='ocrx_word' id='word_1_279' title='bbox 433 3734 504 3774; x_wconf 87' lang='lat' dir='ltr'><strong>eum</strong></span> <span class='ocrx_word' id='word_1_280' title='bbox 516 3715 644 3792; x_wconf 85' lang='lat' dir='ltr'><strong>faceret,</strong></span> <span class='ocrx_word' id='word_1_281' title='bbox 672 3723 819 3796; x_wconf 85' lang='lat' dir='ltr'><strong>quantum</strong></span> <span class='ocrx_word' id='word_1_282' title='bbox 834 3711 985 3792; x_wconf 87' lang='lat' dir='ltr'><strong>crederet,</strong></span> <span class='ocrx_word' id='word_1_283' title='bbox 1008 3712 1188 3776; x_wconf 88' lang='lat' dir='ltr'><strong>documenta</strong></span> <span class='ocrx_word' id='word_1_284' title='bbox 1203 3713 1334 3771; x_wconf 80' lang='lat' dir='ltr'><strong>maxima</strong></span> <span class='ocrx_word' id='word_1_285' title='bbox 1350 3707 1397 3766; x_wconf 89' lang='lat' dir='ltr'><strong>da·</strong></span> 
     </span>
     <span class='ocr_line' id='line_1_34' title="bbox 311 3809 1395 3896; baseline -0.005 -24"><span class='ocrx_word' id='word_1_286' title='bbox 311 3809 376 3890; x_wconf 84' lang='lat' dir='ltr'><strong>dit3</strong></span> <span class='ocrx_word' id='word_1_287' title='bbox 404 3824 435 3874; x_wconf 90' lang='lat' dir='ltr'><strong>et</strong></span> <span class='ocrx_word' id='word_1_288' title='bbox 453 3817 532 3878; x_wconf 85' lang='lat' dir='ltr'><strong>filius</strong></span> <span class='ocrx_word' id='word_1_289' title='bbox 546 3819 622 3877; x_wconf 89' lang='lat' dir='ltr'><strong>item</strong></span> <span class='ocrx_word' id='word_1_290' title='bbox 635 3817 699 3877; x_wconf 86' lang='lat' dir='ltr'><strong>eius</strong></span> <span class='ocrx_word' id='word_1_291' title='bbox 712 3817 838 3876; x_wconf 88' lang='lat' dir='ltr'><strong>meliore</strong></span> <span class='ocrx_word' id='word_1_292' title='bbox 852 3817 972 3876; x_wconf 80' lang='lat' dir='ltr'><strong>fortuna</strong></span> <span class='ocrx_word' id='word_1_293' title='bbox 987 3813 1096 3896; x_wconf 83' lang='lat' dir='ltr'><strong>dignm</strong></span> <span class='ocrx_word' id='word_1_294' title='bbox 1111 3817 1225 3876; x_wconf 83' lang='lat' dir='ltr'><strong>Paulus</strong></span> <span class='ocrx_word' id='word_1_295' title='bbox 1239 3815 1395 3893; x_wconf 85' lang='lat' dir='ltr'><strong>imperator,</strong></span> 
     </span>
     <span class='ocr_line' id='line_1_35' title="bbox 310 3915 1394 4002; baseline -0.004 -27"><span class='ocrx_word' id='word_1_296' title='bbox 310 3935 382 3975; x_wconf 90' lang='lat' dir='ltr'><strong>cum</strong></span> <span class='ocrx_word' id='word_1_297' title='bbox 396 3929 475 3978; x_wconf 84' lang='lat' dir='ltr'><strong>esset</strong></span> <span class='ocrx_word' id='word_1_298' title='bbox 488 3919 607 3980; x_wconf 89' lang='lat' dir='ltr'><strong>liberali</strong></span> <span class='ocrx_word' id='word_1_299' title='bbox 624 3939 659 3980; x_wconf 91' lang='lat' dir='ltr'><strong>ac</strong></span> <span class='ocrx_word' id='word_1_300' title='bbox 673 3938 783 3998; x_wconf 83' lang='lat' dir='ltr'><strong>magno</strong></span> <span class='ocrx_word' id='word_1_301' title='bbox 799 3921 900 3980; x_wconf 89' lang='lat' dir='ltr'><strong>animo</strong></span> <span class='ocrx_word' id='word_1_302' title='bbox 914 3915 1068 4002; x_wconf 88' lang='lat' dir='ltr'><strong>praeditus</strong></span> <span class='ocrx_word' id='word_1_303' title='bbox 1088 3919 1236 3997; x_wconf 86' lang='lat' dir='ltr'><strong>iustisque</strong></span> <span class='ocrx_word' id='word_1_304' title='bbox 1257 3925 1344 3998; x_wconf 88' lang='lat' dir='ltr'><strong>atque</strong></span> <span class='ocrx_word' id='word_1_305' title='bbox 1355 3929 1394 3970; x_wconf 84' lang='lat' dir='ltr'><strong>rc·</strong></span> 
     </span>
     <span class='ocr_line' id='line_1_36' title="bbox 309 4013 1393 4103; baseline -0.006 -25"><span class='ocrx_word' id='word_1_306' title='bbox 309 4021 366 4078; x_wconf 88' lang='lat' dir='ltr'><strong>ctis</strong></span> <span class='ocrx_word' id='word_1_307' title='bbox 380 4021 595 4098; x_wconf 83' lang='lat' dir='ltr'><strong>voluntatibus,</strong></span> <span class='ocrx_word' id='word_1_308' title='bbox 617 4022 838 4103; x_wconf 89' lang='lat' dir='ltr'><strong>amplissimum</strong></span> <span class='ocrx_word' id='word_1_309' title='bbox 849 4025 950 4082; x_wconf 80' lang='lat' dir='ltr'><strong>virum</strong></span> <span class='ocrx_word' id='word_1_310' title='bbox 961 4020 1114 4079; x_wconf 86' lang='lat' dir='ltr'><strong>beneficiis</strong></span> <span class='ocrx_word' id='word_1_311' title='bbox 1129 4019 1269 4100; x_wconf 86' lang='lat' dir='ltr'><strong>plurimis</strong></span> <span class='ocrx_word' id='word_1_312' title='bbox 1285 4013 1393 4082; x_wconf 77' lang='lat' dir='ltr'><strong>ornarit,</strong></span> 
     </span>
     <span class='ocr_line' id='line_1_37' title="bbox 313 4111 1394 4205; baseline -0.006 -24"><span class='ocrx_word' id='word_1_313' title='bbox 313 4122 459 4182; x_wconf 82' lang='lat' dir='ltr'><strong>afflictum</strong></span> <span class='ocrx_word' id='word_1_314' title='bbox 476 4125 583 4200; x_wconf 85' lang='lat' dir='ltr'><strong>erexit,</strong></span> <span class='ocrx_word' id='word_1_315' title='bbox 605 4127 717 4185; x_wconf 86' lang='lat' dir='ltr'><strong>extorri</strong></span> <span class='ocrx_word' id='word_1_316' title='bbox 730 4135 855 4205; x_wconf 86' lang='lat' dir='ltr'><strong>penates</strong></span> <span class='ocrx_word' id='word_1_317' title='bbox 869 4122 1107 4205; x_wconf 85' lang='lat' dir='ltr'><strong>dignitatemque</strong></span> <span class='ocrx_word' id='word_1_318' title='bbox 1122 4119 1267 4182; x_wconf 87' lang='lat' dir='ltr'><strong>reddidit:</strong></span> <span class='ocrx_word' id='word_1_319' title='bbox 1284 4111 1394 4178; x_wconf 80' lang='lat' dir='ltr'><strong>manda·</strong></span> 
     </span>
    </p>

    <p class='ocr_par' dir='ltr' id='par_1_7' title="bbox 311 4221 1440 4411">
     <span class='ocr_line' id='line_1_38' title="bbox 311 4221 1440 4305; baseline -0.005 -22"><span class='ocrx_word' id='word_1_320' title='bbox 311 4224 357 4283; x_wconf 75' lang='lat' dir='ltr'><strong>vit</strong></span> <span class='ocrx_word' id='word_1_321' title='bbox 372 4222 495 4285; x_wconf 88' lang='lat' dir='ltr'><strong>demum</strong></span> <span class='ocrx_word' id='word_1_322' title='bbox 510 4243 683 4305; x_wconf 86' lang='lat' dir='ltr'><strong>supremam</strong></span> <span class='ocrx_word' id='word_1_323' title='bbox 697 4245 800 4285; x_wconf 89' lang='lat' dir='ltr'><strong>curam</strong></span> <span class='ocrx_word' id='word_1_324' title='bbox 812 4245 881 4286; x_wconf 90' lang='lat' dir='ltr'><strong>oum</strong></span> <span class='ocrx_word' id='word_1_325' title='bbox 896 4227 1034 4285; x_wconf 90' lang='lat' dir='ltr'><strong>omnium</strong></span> <span class='ocrx_word' id='word_1_326' title='bbox 1050 4221 1299 4284; x_wconf 87' lang='lat' dir='ltr'><strong>bibliothecarum</strong></span> <span class='ocrx_word' id='word_1_327' title='bbox 1312 4223 1393 4296; x_wconf 84' lang='lat' dir='ltr'><strong>impe·</strong></span> <span class='ocrx_word' id='word_1_328' title='bbox 1439 4229 1440 4242; x_wconf 65' lang='lat'>¹</span> 
     </span>
     <span class='ocr_line' id='line_1_39' title="bbox 313 4321 1392 4411; baseline -0.008 -27"><span class='ocrx_word' id='word_1_329' title='bbox 313 4326 436 4387; x_wconf 88' lang='lat' dir='ltr'><strong>rialium</strong></span> <span class='ocrx_word' id='word_1_330' title='bbox 447 4337 514 4389; x_wconf 90' lang='lat' dir='ltr'><strong>tum</strong></span> <span class='ocrx_word' id='word_1_331' title='bbox 527 4325 700 4397; x_wconf 82' lang='lat' dir='ltr'><strong>academiae</strong></span> <span class='ocrx_word' id='word_1_332' title='bbox 714 4329 888 4406; x_wconf 77' lang='lat' dir='ltr'><strong>Caesareas,</strong></span> <span class='ocrx_word' id='word_1_333' title='bbox 910 4345 969 4411; x_wconf 91' lang='lat' dir='ltr'><strong>qua</strong></span> <span class='ocrx_word' id='word_1_334' title='bbox 983 4325 1062 4388; x_wconf 86' lang='lat' dir='ltr'><strong>nihil</strong></span> <span class='ocrx_word' id='word_1_335' title='bbox 1075 4343 1203 4408; x_wconf 88' lang='lat' dir='ltr'><strong>usquam</strong></span> <span class='ocrx_word' id='word_1_336' title='bbox 1217 4321 1392 4404; x_wconf 85' lang='lat' dir='ltr'><strong>magnificen-</strong></span> 
     </span>
    </p>
   </div>
   <div class='ocr_carea' id='block_1_4' title="bbox 0 0 1472 4868">
    <p class='ocr_par' dir='ltr' id='par_1_8' title="bbox 0 0 1472 4868">
     <span class='ocr_line' id='line_1_40' title="bbox 0 0 1472 4868; baseline 0 3"><span class='ocrx_word' id='word_1_337' title='bbox 0 0 1472 4868; x_wconf 95' lang='lat' dir='ltr'><strong> </strong></span> 
     </span>
    </p>
   </div>
  </div>
 </body>
</html>
