2934 4868
471 345 818 424 consumemus.
1094 366 1197 420 xxxix

69 549 145 628 tius,
176 544 266 610 num
289 541 496 630 splendidlm
519 547 557 610 ab
579 548 644 612 ullo
665 551 853 634 superiorum
870 551 1059 612 saeculorum
1072 568 1145 630 rege
1162 551 1197 612 in

72 654 253 714 mention
277 653 403 712 artium
423 647 615 712 commodum
635 651 805 714 institutum
823 664 879 715 est.
929 656 973 714 ita
986 673 1056 714 cum
1074 655 1196 714 essetin

71 759 215 817 maximo
230 755 374 835 imperio
391 773 528 815 summus
542 756 653 818 ndum
672 764 702 814 et
715 757 812 816 omnis
826 754 1022 818 humanitatis
1039 755 1150 818 enbiter
1164 765 1195 816 et

73 861 165 938 qussi
181 865 380 939 procurator
397 853 566 920 excitandis
588 876 625 917 ao
648 855 849 938 propagandis
869 857 976 921 studiis
1000 861 1131 937 electus,
1161 859 1196 942 iu

75 960 273 1020 nobilissimi
285 959 428 1018 muneris
440 960 634 1040 occupatione
653 957 733 1018 nihil
752 963 895 1040 temporis
918 963 1068 1044 reliquum
1089 957 1195 1020 habuit

76 1060 163 1144 quod
184 1058 284 1144 laydo
308 1057 518 1140 impenderet,
558 1081 740 1144 omnemque
759 1063 860 1142 potius
882 1075 1017 1123 mentem
1036 1065 1197 1144 cogitaue-

76 1185 153 1224 ιω
170 1180 308 1244 operam
320 1159 467 1222 adhibere
483 1164 590 1240 voluit,
614 1175 648 1224 nt
662 1175 782 1243 gratum
793 1167 938 1240 animum,
956 1165 1078 1245 qualem
1091 1177 1197 1246 postes

76 1269 109 1326 in
122 1266 304 1328 luculentis
319 1265 439 1344 scriptis
453 1265 534 1344 apud
547 1267 751 1346 posteritatem
767 1267 920 1347 professus
935 1274 999 1343 est,
1028 1267 1120 1326 telem
1135 1270 1198 1326 iem
1214 1287 1242 1344 p.
1255 1283 1315 1325 nur

80 1381 157 1430 tnnc
179 1372 220 1431 in
244 1369 317 1450 ipss
337 1367 472 1428 muneris
491 1368 626 1447 gestione
646 1378 821 1449 praesentes
843 1379 966 1450 possent
986 1365 1126 1430 homiues
1146 1371 1198 1429 in-
1275 1411 1278 1416 ι

80 1473 173 1532 tueris

167 1573 296 1636 Verum
303 1568 447 1648 tandem,
475 1581 637 1633 comesset
650 1572 764 1652 patriae
776 1580 806 1632 et
819 1571 935 1632 Gallico
951 1572 1020 1634 solo
1031 1573 1194 1650 restitutus,
1215 1569 1258 1633 30

84 1675 166 1758 lydi
184 1675 309 1735 diutins
325 1675 457 1754 neglecti
470 1676 565 1734 serior
580 1693 652 1733 cura
665 1675 801 1734 animum
817 1675 919 1734 subire
934 1675 1042 1753 coepit.
1086 1677 1199 1734 etenim

85 1788 237 1838 moratus
251 1775 293 1834 eb
310 1794 347 1835 eo
360 1771 453 1835 homo
473 1773 664 1836 doctissimus
680 1775 806 1838 Villoiso
827 1778 861 1836 iu
881 1795 915 1838 se
930 1787 1100 1857 susceperat
1111 1787 1146 1836 ut
1159 1775 1200 1836 ad

87 1879 233 1939 codicem
250 1877 384 1938 feliciter
403 1881 562 1939 inventum
582 1877 702 1937 felicius
721 1874 874 1938 edendum
892 1897 1005 1938 nomen
1020 1889 1051 1938 et
1065 1879 1199 1959 auspicia

87 1983 266 2061 praeberet.
310 1976 366 2039 sed
377 1980 554 2061 priusquam
569 1999 641 2041 eum
654 1980 736 2040 foras
754 1976 856 2058 deret,
885 1978 1117 2060 descriptionem
1130 1979 1199 2042 Vil-

88 2083 166 2142 loiso
187 2082 241 2142 sui
264 2081 491 2160 perGraeoiem
512 2083 627 2142 itineris
647 2079 861 2164 perficiendam
884 2079 943 2142 sibi
968 2079 1073 2158 duxit,
1106 2099 1199 2165 quam

89 2183 209 2264 publici
229 2183 308 2242 inus
329 2183 482 2243 facturum
504 2203 571 2244 sese
591 2203 661 2244 oum
685 2203 775 2264 saepe
794 2183 867 2242 alibi
889 2182 1106 2264 spoponderat,
1133 2195 1200 2244 tum

91 2289 233 2346 maxim
255 2285 469 2366 Prolegomen.
487 2283 529 2345 ad
547 2284 635 2345 iliad.
656 2306 688 2367 p.
706 2304 777 2361 ntr3
813 2283 912 2368 adque
929 2305 998 2346 eam
1020 2306 1085 2346 rem
1098 2287 1200 2346 omniu

95 2389 223 2449 omsilia
246 2397 340 2469 etque
362 2384 463 2446 studia
484 2385 596 2446 referre
618 2405 674 2448 sue
694 2388 803 2467 coepit.
845 2397 989 2447 umectat
1010 2399 1112 2447 sutem
1127 2397 1201 2446 tuns

97 2489 232 2572 denique
254 2508 290 2548 ea
306 2487 434 2568 prodere
454 2506 533 2570 quae
551 2489 585 2548 in
599 2491 712 2549 recenti
725 2491 850 2549 Graecia
866 2507 1082 2572 usquequaque
1096 2489 1200 2548 obser-

98 2601 209 2668 vasset,
232 2592 375 2650 cumiter
391 2589 567 2650 confecisset
582 2591 615 2648 in
632 2601 776 2667 veterem,
796 2587 855 2652 hoc
870 2601 916 2652 est
931 2591 1036 2668 (verba
1049 2593 1116 2670 ipsa
1129 2599 1200 2650 suut

99 2693 274 2756 lsnlloisouis
295 2692 507 2773 Psolegomeu.
521 2691 545 2752 l.
561 2690 643 2772 cit),
674 2713 743 2752 cum
763 2704 900 2755 auctores
912 2695 1037 2753 Latinos
1052 2693 1201 2752 Graecos-

97 2817 162 2880 que
177 2796 312 2874 singulos
325 2815 344 2854 a
357 2797 455 2876 cupite
471 2793 511 2853 sd
525 2795 639 2854 calcem
650 2795 837 2876 perlegisset,
853 2815 992 2880 quseque
1007 2793 1044 2854 de
1059 2794 1199 2854 omnibus

100 2901 192 2960 rebus
202 2896 243 2957 ad
252 2897 412 2958 Graeoiem
421 2895 594 2976 Aegeeique
606 2899 699 2956 auaris
713 2899 828 2960 msulae
843 2897 1115 2982 quomodocunque
1128 2917 1201 2977 per-

103 2999 266 3061 tinentibus
278 3000 407 3080 quisque
422 2998 549 3078 scripsit,
566 3015 603 3056 ea
618 3001 826 3078 excerpsisset,
848 3003 1019 3083 referreque
1036 3017 1071 3058 ac
1085 2998 1201 3058 discer-

103 3124 174 3164 nere
185 3112 217 3163 et
233 3121 303 3162 oum
317 3103 356 3160 iis
371 3117 449 3180 quae
460 3101 526 3179 ipse
542 3097 667 3160 vidisset
684 3101 819 3160 conferre
834 3114 945 3183 posset.
972 3117 1117 3178 magnum
1127 3117 1200 3157 sane

105 3219 136 3267 at
148 3205 311 3286 singulare,
333 3199 520 3282 dignumque
533 3201 589 3259 tali
601 3202 667 3260 viro
681 3203 849 3279 consilium,
868 3214 908 3279 et,
930 3205 957 3262 si
970 3199 1072 3282 perfici
1082 3202 1200 3280 potuis-
1216 3219 1247 3276 p.
1259 3213 1330 3255 uass

107 3319 167 3385 set,
194 3307 354 3386 inprimis
372 3305 447 3364 utile
468 3303 611 3364 doctrinis
631 3305 751 3364 nostris.
793 3304 849 3366 sed
872 3307 941 3390 quis
956 3305 1053 3365 uestit
1069 3322 1098 3363 a.
1118 3305 1201 3368 1789
1285 3355 1287 3358 -

108 3411 258 3492 publicem
279 3427 345 3468 rem
359 3407 502 3467 Francius
522 3407 555 3466 in
575 3401 715 3466 homines
731 3406 872 3470 incidisse
895 3419 1041 3469 nontam
1061 3425 1200 3467 commu-

110 3509 264 3570 undarum
279 3529 379 3569 rerum
395 3526 487 3589 qoem
502 3505 730 3569 evertendarum
745 3509 893 3592 cupidos'l
913 3521 1042 3591 suntque
1059 3510 1200 3568 continuo
1224 3547 1225 3550 κ

13 3679 14 3690 χ
112 3625 241 3693 tempore
264 3611 372 3670 acerbe
395 3619 486 3692 atque
508 3607 685 3692 gladiatoria
706 3611 761 3670 illa
782 3621 956 3686 consecuta,
1003 3609 1111 3691 quibus
1131 3625 1201 3666 oum

114 3735 212 3776 omnes
226 3716 332 3774 literae
345 3715 560 3790 continuerunt,
582 3723 648 3772 tum
661 3715 796 3774 maxime
807 3711 1051 3788 Villoiscnianee,
1069 3711 1201 3770 Graecae

115 3820 221 3880 scilicet
232 3837 268 3877 ao
283 3815 496 3898 philologioae.
537 3817 640 3896 itaque
660 3812 751 3875 iratius
771 3813 876 3895 magni
897 3815 1012 3874 itineris
1030 3831 1092 3872 non
1110 3809 1200 3872 modo

115 3917 187 3978 nihil
200 3917 299 3996 edere,
313 3917 369 3980 sed
381 3939 481 4002 neque
493 3919 654 3978 lectionem
665 3919 761 3994 illam,
777 3936 837 3998 qua
852 3912 892 3974 sd
906 3916 1097 3994 scriptionem
1113 3935 1203 3996 prae-

116 4039 213 4101 parere
227 4041 261 4080 se
270 4023 406 4098 volebat,
438 4021 610 4096 absolvere,
641 4018 756 4078 nedum
775 4017 813 4089 de
826 4014 913 4099 Iaydo
929 4019 1079 4098 cogitare,
1110 4019 1202 4077 variis

18 4118 19 4169 ἶ
116 4123 395 4202 casibusperoussue
407 4125 515 4204 potuit.
556 4141 654 4203 neque
670 4122 785 4200 magis,
812 4139 882 4179 oum
903 4131 1077 4200 recuperata
1099 4138 1132 4177 re
1146 4139 1205 4199 pu-

20 4243 21 4246 ’
119 4227 190 4284 blica
207 4228 368 4306 respirasse
382 4221 520 4285 homines
531 4227 589 4286 risi
600 4235 687 4302 sunt,
716 4223 764 4282 illi
785 4221 911 4305 quidem
923 4224 1009 4282 licuit
1020 4223 1141 4301 piscato
1156 4239 1206 4279 re·

119 4347 180 4387 rum
190 4339 269 4390 stetu
280 4327 336 4390 diu
347 4329 419 4390 frui.
462 4329 574 4390 etenum
586 4345 614 4389 a.
632 4325 711 4395 1805
726 4345 754 4389 u.
768 4324 800 4390 d.
815 4325 918 4392 exal.
931 4325 1004 4386 uu.
1017 4337 1130 4404 psuoos
1140 4328 1209 4402 post
